,id,price,qty,quoteQty,time,isBuyerMaker,isBestMatch
0,3085596625,30352.43000000,0.00071000,21.55022530,1681855479322,False,True
1,3085596626,30352.56000000,0.00452000,137.19357120,1681855479334,True,True
2,3085596627,30352.56000000,0.08000000,2428.20480000,1681855479359,True,True
3,3085596628,30352.56000000,0.20000000,6070.51200000,1681855479359,True,True
4,3085596629,30352.56000000,0.15336000,4654.86860160,1681855479359,True,True
5,3085596630,30352.56000000,0.00658000,199.71984480,1681855479359,True,True
6,3085596631,30352.56000000,0.34587000,10498.03992720,1681855479359,True,True
7,3085596632,30352.56000000,0.21370000,6486.34207200,1681855479359,True,True
8,3085596633,30352.57000000,0.00034000,10.31987380,1681855479384,False,True
9,3085596634,30352.58000000,0.06361000,1930.72761380,1681855479384,False,True
10,3085596635,30352.58000000,0.03639000,1104.53038620,1681855479438,False,True
11,3085596636,30352.82000000,0.00071000,21.55050220,1681855479438,False,True
12,3085596637,30352.94000000,0.00110000,33.38823400,1681855479438,False,True
13,3085596638,30353.00000000,0.00066000,20.03298000,1681855479438,False,True
14,3085596639,30353.00000000,0.00044000,13.35532000,1681855479438,False,True
15,3085596640,30353.21000000,0.00071000,21.55077910,1681855479438,False,True
16,3085596641,30353.60000000,0.00071000,21.55105600,1681855479445,False,True
17,3085596642,30353.89000000,0.00034000,10.32032260,1681855479602,False,True
18,3085596643,30353.90000000,0.00066000,20.03357400,1681855479606,False,True
19,3085596644,30353.98000000,0.00034000,10.32035320,1681855479953,False,True
20,3085596645,30353.99000000,0.00071000,21.55133290,1681855479953,False,True
21,3085596646,30354.02000000,0.00780000,236.76135600,1681855479953,False,True
22,3085596647,30354.32000000,0.04114000,1248.77672480,1681855479953,False,True
23,3085596648,30354.31000000,0.00193000,58.58381830,1681855480007,True,True
24,3085596649,30354.32000000,0.27204000,8257.58921280,1681855480072,False,True
25,3085596650,30354.32000000,0.00756000,229.47865920,1681855480076,False,True
26,3085596651,30354.37000000,0.00034000,10.32048580,1681855480080,False,True
27,3085596652,30354.38000000,0.00071000,21.55160980,1681855480080,False,True
28,3085596653,30354.61000000,0.00641000,194.57305010,1681855480080,False,True
29,3085596654,30354.77000000,0.00071000,21.55188670,1681855480105,False,True
30,3085596655,30354.79000000,0.00034000,10.32062860,1681855480194,False,True
31,3085596656,30354.80000000,0.00066000,20.03416800,1681855480194,False,True
32,3085596657,30355.55000000,0.00044000,13.35644200,1681855480194,False,True
33,3085596658,30355.57000000,0.00011000,3.33911270,1681855480194,False,True
34,3085596659,30355.56000000,0.01827000,554.59608120,1681855480346,True,True
35,3085596660,30355.56000000,0.02662000,808.06500720,1681855480346,True,True
36,3085596661,30355.56000000,0.00867000,263.18270520,1681855480346,True,True
37,3085596662,30355.57000000,0.05360000,1627.05855200,1681855480355,False,True
38,3085596663,30355.56000000,0.07654000,2323.41456240,1681855480392,True,True
39,3085596664,30355.56000000,0.00147000,44.62267320,1681855480424,True,True
40,3085596665,30355.57000000,0.00107000,32.48045990,1681855480452,False,True
41,3085596666,30355.56000000,0.01218000,369.73072080,1681855480463,True,True
42,3085596667,30355.56000000,0.07365000,2235.68699400,1681855480463,True,True
43,3085596668,30355.56000000,0.08341000,2531.95725960,1681855480493,True,True
44,3085596669,30355.56000000,0.00715000,217.04225400,1681855480522,True,True
45,3085596670,30355.56000000,0.01193000,362.14183080,1681855480550,True,True
46,3085596671,30355.57000000,0.01200000,364.26684000,1681855480556,False,True
47,3085596672,30355.56000000,0.00379000,115.04757240,1681855480749,True,True
48,3085596673,30355.57000000,0.04999000,1517.47494430,1681855480953,False,True
49,3085596674,30355.57000000,0.00664000,201.56098480,1681855481060,False,True
50,3085596675,30355.57000000,0.00630000,191.24009100,1681855481060,False,True
51,3085596676,30355.70000000,0.00066000,20.03476200,1681855481065,False,True
52,3085596677,30355.70000000,0.00241000,73.15723700,1681855481065,False,True
53,3085596678,30356.31000000,0.00685000,207.94072350,1681855481094,False,True
54,3085596679,30356.59000000,0.00034000,10.32124060,1681855481344,False,True
55,3085596680,30356.60000000,0.00066000,20.03535600,1681855481344,False,True
56,3085596681,30356.75000000,0.00220000,66.78485000,1681855481350,False,True
57,3085596682,30356.78000000,0.00128000,38.85667840,1681855481355,False,True
58,3085596683,30357.03000000,0.00034000,10.32139020,1681855482446,False,True
59,3085596684,30357.03000000,0.00692000,210.07064760,1681855482446,False,True
60,3085596685,30357.04000000,0.00673000,204.30287920,1681855482446,False,True
61,3085596686,30357.11000000,0.00426000,129.32128860,1681855482446,False,True
62,3085596687,30357.13000000,0.00128000,38.85712640,1681855482446,False,True
63,3085596688,30357.13000000,0.00700000,212.49991000,1681855482446,False,True
64,3085596689,30357.50000000,0.00066000,20.03595000,1681855482508,False,True
65,3085596690,30357.50000000,0.00071000,21.55382500,1681855482508,False,True
66,3085596691,30357.49000000,0.01824000,553.72061760,1681855482509,True,True
67,3085596692,30357.64000000,0.03964000,1203.37684960,1681855482697,True,True
68,3085596693,30357.64000000,0.00165000,50.09010600,1681855482792,True,True
69,3085596694,30357.65000000,0.00034000,10.32160100,1681855482891,False,True
70,3085596695,30357.66000000,0.00368000,111.71618880,1681855482891,False,True
71,3085596696,30357.65000000,0.00070000,21.25035500,1681855484163,True,True
72,3085596697,30357.65000000,0.00782000,237.39682300,1681855484226,True,True
73,3085596698,30357.66000000,0.00949000,288.09419340,1681855485426,False,True
74,3085596699,30357.66000000,0.00079000,23.98255140,1681855485725,False,True
75,3085596700,30357.65000000,0.02776000,842.72836400,1681855486344,True,True
76,3085596701,30357.65000000,0.00140000,42.50071000,1681855486366,True,True
77,3085596702,30357.65000000,0.00374000,113.53761100,1681855486391,True,True
78,3085596703,30357.65000000,0.00159000,48.26866350,1681855487225,True,True
79,3085596704,30357.65000000,0.13577000,4121.65814050,1681855487715,True,True
80,3085596705,30357.66000000,0.00043000,13.05379380,1681855489188,False,True
81,3085596706,30357.66000000,0.00040000,12.14306400,1681855489344,False,True
82,3085596707,30357.66000000,0.01436000,435.93599760,1681855489500,False,True
83,3085596708,30357.66000000,0.00082000,24.89328120,1681855489821,False,True
84,3085596709,30357.66000000,0.00211000,64.05466260,1681855490010,False,True
85,3085596710,30357.66000000,0.06824000,2071.60671840,1681855490072,False,True
86,3085596711,30357.66000000,0.00066000,20.03605560,1681855490072,False,True
87,3085596712,30357.69000000,0.00070000,21.25038300,1681855490072,False,True
88,3085596713,30357.89000000,0.00071000,21.55410190,1681855490072,False,True
89,3085596714,30358.10000000,0.00044000,13.35756400,1681855490072,False,True
90,3085596715,30358.16000000,0.00114000,34.60830240,1681855490072,False,True
91,3085596716,30358.25000000,0.00070000,21.25077500,1681855490072,False,True
92,3085596717,30358.28000000,0.00071000,21.55437880,1681855490072,False,True
93,3085596718,30358.40000000,0.00066000,20.03654400,1681855490072,False,True
94,3085596719,30358.51000000,0.27281000,8282.10511310,1681855490072,False,True
95,3085596720,30358.50000000,0.00130000,39.46605000,1681855490237,True,True
96,3085596721,30358.50000000,0.00252000,76.50342000,1681855490263,True,True
97,3085596722,30358.51000000,0.00040000,12.14340400,1681855490762,False,True
98,3085596723,30358.50000000,0.00151000,45.84133500,1681855490834,True,True
99,3085596724,30358.50000000,0.00618000,187.61553000,1681855491634,True,True
100,3085596725,30358.51000000,0.32000000,9714.72320000,1681855491974,False,True
101,3085596726,30358.51000000,0.01900000,576.81169000,1681855491983,False,True
102,3085596727,30358.50000000,0.01104000,335.15784000,1681855492016,True,True
103,3085596728,30358.50000000,0.02285000,693.69172500,1681855492103,True,True
104,3085596729,30358.50000000,0.02285000,693.69172500,1681855492109,True,True
105,3085596730,30358.50000000,0.01143000,346.99765500,1681855492149,True,True
106,3085596731,30358.50000000,0.00212000,64.36002000,1681855492640,True,True
107,3085596732,30358.50000000,0.00133000,40.37680500,1681855492989,True,True
108,3085596733,30358.51000000,0.00220000,66.78872200,1681855493011,False,True
109,3085596734,30358.51000000,0.00505000,153.31047550,1681855494815,False,True
110,3085596735,30358.50000000,0.00687000,208.56289500,1681855495192,True,True
111,3085596736,30358.50000000,0.00121000,36.73378500,1681855495192,True,True
112,3085596737,30358.51000000,0.03858000,1171.23131580,1681855495378,False,True
113,3085596738,30358.51000000,0.00200000,60.71702000,1681855495410,False,True
114,3085596739,30358.51000000,0.00100000,30.35851000,1681855495613,False,True
115,3085596740,30358.51000000,0.00140000,42.50191400,1681855495626,False,True
116,3085596741,30358.50000000,0.00078000,23.67963000,1681855495841,True,True
117,3085596742,30358.51000000,0.00200000,60.71702000,1681855495996,False,True
118,3085596743,30358.50000000,0.00049000,14.87566500,1681855496298,True,True
119,3085596744,30358.50000000,0.00378000,114.75513000,1681855497127,True,True
120,3085596745,30358.50000000,0.02338000,709.78173000,1681855498006,True,True
121,3085596746,30358.50000000,0.03854000,1170.01659000,1681855498478,True,True
122,3085596747,30358.51000000,0.00161000,48.87720110,1681855499982,False,True
123,3085596748,30358.50000000,0.00773000,234.67120500,1681855499983,True,True
124,3085596749,30358.50000000,0.00141000,42.80548500,1681855499985,True,True
125,3085596750,30358.50000000,0.00268000,81.36078000,1681855499986,True,True
126,3085596751,30358.50000000,0.00095000,28.84057500,1681855499986,True,True
127,3085596752,30358.50000000,0.00202000,61.32417000,1681855499996,True,True
128,3085596753,30358.50000000,0.00076000,23.07246000,1681855499999,True,True
129,3085596754,30358.50000000,0.00089000,27.01906500,1681855500005,True,True
130,3085596755,30358.51000000,0.00088000,26.71548880,1681855500006,False,True
131,3085596756,30358.51000000,0.00336000,102.00459360,1681855500007,False,True
132,3085596757,30358.51000000,0.00159000,48.27003090,1681855500007,False,True
133,3085596758,30358.51000000,0.00900000,273.22659000,1681855500007,False,True
134,3085596759,30358.51000000,0.00294000,89.25401940,1681855500071,False,True
135,3085596760,30358.50000000,0.00227000,68.91379500,1681855500071,True,True
136,3085596761,30358.51000000,0.58525000,17767.31797750,1681855500088,False,True
137,3085596762,30358.50000000,0.02267000,688.22719500,1681855500268,True,True
138,3085596763,30358.51000000,0.00450000,136.61329500,1681855500292,False,True
139,3085596764,30358.51000000,0.00114000,34.60870140,1681855500443,False,True
140,3085596765,30358.51000000,2.56843000,77973.70783930,1681855500584,False,True
141,3085596766,30358.51000000,0.01605000,487.25408550,1681855500584,False,True
142,3085596767,30358.51000000,0.00130000,39.46606300,1681855500584,False,True
143,3085596768,30358.67000000,0.00071000,21.55465570,1681855500584,False,True
144,3085596769,30358.81000000,0.00070000,21.25116700,1681855500584,False,True
145,3085596770,30359.06000000,0.00071000,21.55493260,1681855500595,False,True
146,3085596771,30359.30000000,0.00066000,20.03713800,1681855500603,False,True
147,3085596772,30359.37000000,0.00070000,21.25155900,1681855500603,False,True
148,3085596773,30359.45000000,0.00071000,21.55520950,1681855500603,False,True
149,3085596774,30359.84000000,0.00071000,21.55548640,1681855500603,False,True
150,3085596775,30359.93000000,0.00070000,21.25195100,1681855500603,False,True
151,3085596776,30360.00000000,0.03294000,1000.05840000,1681855500603,False,True
152,3085596777,30360.00000000,0.03294000,1000.05840000,1681855500603,False,True
153,3085596778,30360.00000000,0.01480000,449.32800000,1681855500603,False,True
154,3085596779,30360.00000000,0.01941000,589.28760000,1681855500603,False,True
155,3085596780,30360.05000000,0.00128000,38.86086400,1681855500607,False,True
156,3085596781,30360.20000000,0.00066000,20.03773200,1681855500607,False,True
157,3085596782,30360.23000000,0.00071000,21.55576330,1681855500607,False,True
158,3085596783,30360.49000000,0.00070000,21.25234300,1681855500614,False,True
159,3085596784,30360.59000000,0.00834000,253.20732060,1681855500614,False,True
160,3085596785,30360.61000000,0.08017000,2434.01010370,1681855500614,False,True
161,3085596786,30360.61000000,0.01470000,446.30096700,1681855500614,False,True
162,3085596787,30360.62000000,0.00071000,21.55604020,1681855500614,False,True
163,3085596788,30360.65000000,0.00044000,13.35868600,1681855500614,False,True
164,3085596789,30361.01000000,0.00071000,21.55631710,1681855500614,False,True
165,3085596790,30361.05000000,0.00070000,21.25273500,1681855500614,False,True
166,3085596791,30361.09000000,0.05822000,1767.62265980,1681855500614,False,True
167,3085596792,30361.09000000,0.02092000,635.15400280,1681855500629,False,True
168,3085596793,30361.09000000,0.02086000,633.33233740,1681855500630,False,True
169,3085596794,30361.10000000,0.00006000,1.82166600,1681855500630,False,True
170,3085596795,30361.10000000,0.00060000,18.21666000,1681855500635,False,True
171,3085596796,30361.20000000,0.00071000,21.55645200,1681855500635,False,True
172,3085596797,30361.61000000,0.00070000,21.25312700,1681855500749,False,True
173,3085596798,30361.98000000,0.00179000,54.34794420,1681855500755,True,True
174,3085596799,30361.98000000,0.00443000,134.50357140,1681855500838,True,True
175,3085596800,30361.98000000,0.00410000,124.48411800,1681855500904,True,True
176,3085596801,30361.98000000,0.00179000,54.34794420,1681855501053,True,True
177,3085596802,30361.98000000,0.00179000,54.34794420,1681855501099,True,True
178,3085596803,30361.98000000,0.00101000,30.66559980,1681855501166,True,True
179,3085596804,30361.99000000,0.00034000,10.32307660,1681855501280,False,True
180,3085596805,30362.00000000,0.00004000,1.21448000,1681855501280,False,True
181,3085596806,30362.00000000,0.00062000,18.82444000,1681855501286,False,True
182,3085596807,30362.12000000,0.00034000,10.32312080,1681855502122,False,True
183,3085596808,30362.12000000,0.00088000,26.71866560,1681855502122,False,True
184,3085596809,30362.11000000,0.01072000,325.48181920,1681855502124,True,True
185,3085596810,30362.11000000,0.00318000,96.55150980,1681855502914,True,True
186,3085596811,30362.12000000,0.00263000,79.85237560,1681855502953,False,True
187,3085596812,30362.12000000,0.00316000,95.94429920,1681855502955,False,True
188,3085596813,30362.12000000,0.00688000,208.89138560,1681855502955,False,True
189,3085596814,30362.12000000,0.00335000,101.71310200,1681855502955,False,True
190,3085596815,30362.12000000,0.00096000,29.14763520,1681855503155,False,True
191,3085596816,30362.12000000,0.01441000,437.51814920,1681855503927,False,True
192,3085596817,30362.11000000,0.00052000,15.78829720,1681855504242,True,True
193,3085596818,30362.11000000,0.00300000,91.08633000,1681855506022,True,True
194,3085596819,30362.12000000,0.00345000,104.74931400,1681855506837,False,True
195,3085596820,30362.12000000,0.01912000,580.52373440,1681855507145,False,True
196,3085596821,30362.12000000,0.00083000,25.20055960,1681855507397,False,True
197,3085596822,30362.11000000,0.00371000,112.64342810,1681855507402,True,True
198,3085596823,30362.12000000,0.04103000,1245.75778360,1681855507553,False,True
199,3085596824,30362.12000000,0.00049000,14.87743880,1681855507593,False,True
200,3085596825,30362.12000000,0.00054000,16.39554480,1681855508168,False,True
201,3085596826,30362.11000000,0.00227000,68.92198970,1681855508859,True,True
202,3085596827,30362.12000000,0.00291000,88.35376920,1681855508936,False,True
203,3085596828,30362.11000000,0.00159000,48.27575490,1681855509126,True,True
204,3085596829,30362.12000000,0.00138000,41.89972560,1681855509878,False,True
205,3085596830,30362.12000000,0.00055000,16.69916600,1681855510046,False,True
206,3085596831,30362.12000000,0.00505000,153.32870600,1681855510360,False,True
207,3085596832,30362.12000000,0.00427000,129.64625240,1681855511026,False,True
208,3085596833,30362.11000000,0.00083000,25.20055130,1681855511050,True,True
209,3085596834,30362.11000000,0.00067000,20.34261370,1681855511051,True,True
210,3085596835,30362.11000000,0.00077000,23.37882470,1681855511054,True,True
211,3085596836,30362.11000000,0.00147000,44.63230170,1681855511677,True,True
212,3085596837,30362.12000000,0.00033000,10.01949960,1681855511785,False,True
213,3085596838,30362.11000000,0.00126000,38.25625860,1681855512665,True,True
214,3085596839,30362.11000000,0.00227000,68.92198970,1681855512806,True,True
215,3085596840,30362.11000000,0.00130000,39.47074300,1681855512922,True,True
216,3085596841,30362.11000000,0.00091000,27.62952010,1681855513205,True,True
217,3085596842,30362.12000000,0.00109000,33.09471080,1681855513280,False,True
218,3085596843,30362.11000000,0.00110000,33.39832100,1681855513372,True,True
219,3085596844,30362.12000000,0.00049000,14.87743880,1681855513931,False,True
220,3085596845,30362.11000000,0.00128000,38.86350080,1681855514310,True,True
221,3085596846,30362.11000000,0.00219000,66.49302090,1681855514356,True,True
222,3085596847,30362.12000000,0.03850000,1168.94162000,1681855514383,False,True
223,3085596848,30362.11000000,0.01327000,402.90519970,1681855514678,True,True
224,3085596849,30362.11000000,0.02039000,619.08342290,1681855515316,True,True
225,3085596850,30362.12000000,0.00120000,36.43454400,1681855515353,False,True
226,3085596851,30362.12000000,0.00615000,186.72703800,1681855515387,False,True
227,3085596852,30362.12000000,0.32000000,9715.87840000,1681855516031,False,True
228,3085596853,30362.12000000,0.64000000,19431.75680000,1681855516032,False,True
229,3085596854,30362.12000000,0.65871000,19999.83206520,1681855516035,False,True
230,3085596855,30362.16000000,0.00158000,47.97221280,1681855516035,False,True
231,3085596856,30362.16000000,0.00422000,128.12831520,1681855516035,False,True
232,3085596857,30362.17000000,0.00070000,21.25351900,1681855516035,False,True
233,3085596858,30362.18000000,0.00213000,64.67144340,1681855516035,False,True
234,3085596859,30362.57000000,0.00071000,21.55742470,1681855516040,False,True
235,3085596860,30362.66000000,0.00128000,38.86420480,1681855516040,False,True
236,3085596861,30362.73000000,0.00070000,21.25391100,1681855516040,False,True
237,3085596862,30362.90000000,0.00066000,20.03951400,1681855516040,False,True
238,3085596863,30362.96000000,0.00071000,21.55770160,1681855516040,False,True
239,3085596864,30363.11000000,0.01562000,474.27177820,1681855516040,False,True
240,3085596865,30363.11000000,0.08438000,2562.03922180,1681855516085,False,True
241,3085596866,30363.20000000,0.00044000,13.35980800,1681855516085,False,True
242,3085596867,30363.35000000,0.00071000,21.55797850,1681855516085,False,True
243,3085596868,30363.37000000,0.00114000,34.61424180,1681855516085,False,True
244,3085596869,30363.56000000,0.00128000,38.86535680,1681855516085,False,True
245,3085596870,30363.74000000,0.00071000,21.55825540,1681855516085,False,True
246,3085596871,30363.80000000,0.00066000,20.04010800,1681855516085,False,True
247,3085596872,30363.93000000,0.02707000,821.95158510,1681855516085,False,True
248,3085596873,30364.13000000,0.00071000,21.55853230,1681855516085,False,True
249,3085596874,30364.35000000,0.00505000,153.33996750,1681855516085,False,True
250,3085596875,30364.52000000,0.00071000,21.55880920,1681855516085,False,True
251,3085596876,30364.62000000,0.00079000,23.98804980,1681855516085,False,True
252,3085596877,30364.70000000,0.00795000,241.39936500,1681855516085,False,True
253,3085596878,30364.91000000,0.00071000,21.55908610,1681855516085,False,True
254,3085596879,30365.01000000,0.00056000,17.00440560,1681855516085,False,True
255,3085596880,30365.30000000,0.00071000,21.55936300,1681855516085,False,True
256,3085596881,30365.69000000,0.00071000,21.55963990,1681855516085,False,True
257,3085596882,30365.71000000,0.00040000,12.14628400,1681855516085,False,True
258,3085596883,30365.72000000,0.00198000,60.12412560,1681855516085,False,True
259,3085596884,30365.75000000,0.00044000,13.36093000,1681855516085,False,True
260,3085596885,30366.08000000,0.00071000,21.55991680,1681855516085,False,True
261,3085596886,30366.32000000,0.10676000,3241.90832320,1681855516085,False,True
262,3085596887,30366.33000000,0.07859000,2386.48987470,1681855516085,False,True
263,3085596888,30366.32000000,0.00321000,97.47588720,1681855516144,True,True
264,3085596889,30366.32000000,0.00207000,62.85828240,1681855516183,True,True
265,3085596890,30366.32000000,0.00078000,23.68572960,1681855516220,True,True
266,3085596891,30366.32000000,0.00078000,23.68572960,1681855516259,True,True
267,3085596892,30366.33000000,0.00054000,16.39781820,1681855516429,False,True
268,3085596893,30366.32000000,0.00069000,20.95276080,1681855516914,True,True
269,3085596894,30366.33000000,0.04999000,1518.01283670,1681855516953,False,True
270,3085596895,30366.32000000,0.00375000,113.87370000,1681855516990,True,True
271,3085596896,30366.32000000,0.00600000,182.19792000,1681855517377,True,True
272,3085596897,30366.32000000,0.02308000,700.85466560,1681855517403,True,True
273,3085596898,30366.33000000,0.00043000,13.05752190,1681855517419,False,True
274,3085596899,30366.32000000,0.01090000,330.99288800,1681855517457,True,True
275,3085596900,30366.32000000,0.03846000,1167.88866720,1681855517605,True,True
276,3085596901,30366.32000000,0.00616000,187.05653120,1681855518133,True,True
277,3085596902,30366.32000000,0.00616000,187.05653120,1681855518991,True,True
278,3085596903,30366.32000000,0.00109000,33.09928880,1681855518991,True,True
279,3085596904,30366.32000000,0.05800000,1761.24656000,1681855518998,True,True
280,3085596905,30366.33000000,0.04833000,1467.60472890,1681855519000,False,True
281,3085596906,30366.33000000,0.00967000,293.64241110,1681855519000,False,True
282,3085596907,30366.32000000,0.00658000,199.81038560,1681855519092,True,True
283,3085596908,30366.32000000,0.04333000,1315.77264560,1681855519092,True,True
284,3085596909,30366.33000000,0.04987000,1514.36887710,1681855519641,False,True
285,3085596910,30366.32000000,0.00075000,22.77474000,1681855519830,True,True
286,3085596911,30366.33000000,0.31454000,9551.42543820,1681855520071,False,True
287,3085596912,30366.32000000,0.00527000,160.03050640,1681855520835,True,True
288,3085596913,30366.33000000,0.00132000,40.08355560,1681855521182,False,True
289,3085596914,30366.33000000,0.04000000,1214.65320000,1681855521898,False,True
290,3085596915,30366.33000000,0.10900000,3309.92997000,1681855522124,False,True
291,3085596916,30366.33000000,0.06100000,1852.34613000,1681855522124,False,True
292,3085596917,30366.33000000,0.10798000,3278.95631340,1681855522124,False,True
293,3085596918,30366.33000000,0.01378000,418.44802740,1681855522124,False,True
294,3085596919,30366.33000000,0.01943000,590.01779190,1681855522124,False,True
295,3085596920,30366.33000000,0.00881000,267.52736730,1681855522124,False,True
296,3085596921,30366.33000000,0.00095000,28.84801350,1681855522157,False,True
297,3085596922,30366.32000000,0.00983000,298.50092560,1681855523150,True,True
298,3085596923,30366.33000000,0.02041000,619.77679530,1681855523391,False,True
299,3085596924,30366.33000000,0.00099000,30.06266670,1681855523391,False,True
300,3085596925,30366.47000000,0.00071000,21.56019370,1681855523391,False,True
301,3085596926,30366.49000000,0.00071000,21.56020790,1681855523978,True,True
302,3085596927,30366.49000000,0.00106000,32.18847940,1681855524001,True,True
303,3085596928,30366.49000000,0.00137000,41.60209130,1681855524138,True,True
304,3085596929,30366.50000000,0.16000000,4858.64000000,1681855524161,False,True
305,3085596930,30366.50000000,0.06300000,1913.08950000,1681855524329,False,True
306,3085596931,30366.49000000,0.01843000,559.65441070,1681855524677,True,True
307,3085596932,30366.49000000,0.00660000,200.41883400,1681855525251,True,True
308,3085596933,30366.49000000,0.00284000,86.24083160,1681855525802,True,True
309,3085596934,30366.50000000,0.00049000,14.87958500,1681855525970,False,True
310,3085596935,30366.50000000,0.00075000,22.77487500,1681855526197,False,True
311,3085596936,30366.50000000,0.00158000,47.97907000,1681855526322,False,True
312,3085596937,30366.50000000,0.00168000,51.01572000,1681855526623,False,True
313,3085596938,30366.49000000,0.02869000,871.21459810,1681855527022,True,True
314,3085596939,30366.50000000,0.01155000,350.73307500,1681855527468,False,True
315,3085596940,30366.50000000,0.00129000,39.17278500,1681855527469,False,True
316,3085596941,30366.49000000,0.10603000,3219.75893470,1681855527616,True,True
317,3085596942,30366.50000000,0.00038000,11.53927000,1681855528049,False,True
318,3085596943,30366.49000000,0.05916000,1796.48154840,1681855528843,True,True
319,3085596944,30366.49000000,0.01566000,475.53923340,1681855528843,True,True
320,3085596945,30366.50000000,0.32000000,9717.28000000,1681855528954,False,True
321,3085596946,30366.49000000,0.01460000,443.35075400,1681855529433,True,True
322,3085596947,30366.49000000,0.00120000,36.43978800,1681855529509,True,True
323,3085596948,30366.49000000,0.00744000,225.92668560,1681855529842,True,True
324,3085596949,30366.49000000,0.00331000,100.51308190,1681855529977,True,True
325,3085596950,30366.49000000,0.02989000,907.65438610,1681855529979,True,True
326,3085596951,30366.49000000,0.11284000,3426.55473160,1681855529979,True,True
327,3085596952,30366.50000000,0.45354000,13772.42241000,1681855530071,False,True
328,3085596953,30366.49000000,0.00103000,31.27748470,1681855530078,True,True
329,3085596954,30366.49000000,0.01252000,380.18845480,1681855530239,True,True
330,3085596955,30366.50000000,0.00796000,241.71734000,1681855530304,False,True
331,3085596956,30366.49000000,0.00278000,84.41884220,1681855531666,True,True
332,3085596957,30366.50000000,0.00198000,60.12567000,1681855531826,False,True
333,3085596958,30366.65000000,0.00490000,148.79658500,1681855531832,False,True
334,3085596959,30366.86000000,0.00071000,21.56047060,1681855531843,False,True
335,3085596960,30366.86000000,0.01323000,401.75355780,1681855531843,False,True
336,3085596961,30367.17000000,0.00790000,239.90064300,1681855531859,False,True
337,3085596962,30367.20000000,0.00802000,243.54494400,1681855531871,True,True
338,3085596963,30367.21000000,0.00070000,21.25704700,1681855531873,False,True
339,3085596964,30367.25000000,0.00071000,21.56074750,1681855531888,False,True
340,3085596965,30367.30000000,0.00122000,37.04810600,1681855531906,False,True
341,3085596966,30367.39000000,0.01820000,552.68649800,1681855531910,True,True
342,3085596967,30367.40000000,0.00066000,20.04248400,1681855531922,False,True
343,3085596968,30367.64000000,0.00071000,21.56102440,1681855531938,False,True
344,3085596969,30367.66000000,0.00657000,199.51552620,1681855531967,False,True
345,3085596970,30367.66000000,0.12000000,3644.11920000,1681855531983,False,True
346,3085596971,30367.66000000,0.00125000,37.95957500,1681855532140,False,True
347,3085596972,30367.65000000,0.00362000,109.93089300,1681855532559,True,True
348,3085596973,30367.65000000,0.04131000,1254.48762150,1681855532964,True,True
349,3085596974,30367.66000000,0.11777000,3576.39931820,1681855533960,False,True
350,3085596975,30367.66000000,0.00572000,173.70301520,1681855533975,False,True
351,3085596976,30367.66000000,0.02158000,655.33410280,1681855533977,False,True
352,3085596977,30367.66000000,0.02158000,655.33410280,1681855533979,False,True
353,3085596978,30367.66000000,0.03292000,999.70336720,1681855533986,False,True
354,3085596979,30367.66000000,0.11785000,3578.82873100,1681855533988,False,True
355,3085596980,30367.66000000,0.00068000,20.65000880,1681855533991,False,True
356,3085596981,30367.66000000,0.00068000,20.65000880,1681855533998,False,True
357,3085596982,30367.65000000,0.00136000,41.30000400,1681855534018,True,True
358,3085596983,30367.65000000,0.05800000,1761.32370000,1681855534042,True,True
359,3085596984,30367.65000000,0.00484000,146.97942600,1681855534090,True,True
360,3085596985,30367.65000000,0.00069000,20.95367850,1681855534200,True,True
361,3085596986,30367.66000000,0.00082000,24.90148120,1681855534750,False,True
362,3085596987,30367.66000000,0.03144000,954.75923040,1681855534760,False,True
363,3085596988,30367.65000000,0.00046000,13.96911900,1681855535278,True,True
364,3085596989,30367.65000000,0.22308000,6774.41536200,1681855535461,True,True
365,3085596990,30367.65000000,0.03108000,943.82656200,1681855535561,True,True
366,3085596991,30367.66000000,0.00113000,34.31545580,1681855535860,False,True
367,3085596992,30367.66000000,0.00372000,112.96769520,1681855536398,False,True
368,3085596993,30367.66000000,0.00326000,98.99857160,1681855536421,False,True
369,3085596994,30367.66000000,0.00100000,30.36766000,1681855536591,False,True
370,3085596995,30367.66000000,0.00200000,60.73532000,1681855537011,False,True
371,3085596996,30367.66000000,0.03700000,1123.60342000,1681855537018,False,True
372,3085596997,30367.66000000,0.16000000,4858.82560000,1681855537018,False,True
373,3085596998,30367.66000000,0.16000000,4858.82560000,1681855537020,False,True
374,3085596999,30367.66000000,0.00066000,20.04265560,1681855537021,False,True
375,3085597000,30367.77000000,0.00070000,21.25743900,1681855537021,False,True
376,3085597001,30368.03000000,0.00071000,21.56130130,1681855537021,False,True
377,3085597002,30368.30000000,0.00044000,13.36205200,1681855537021,False,True
378,3085597003,30368.30000000,0.00066000,20.04307800,1681855537021,False,True
379,3085597004,30368.33000000,0.00070000,21.25783100,1681855537021,False,True
380,3085597005,30368.42000000,0.00071000,21.56157820,1681855537021,False,True
381,3085597006,30368.58000000,0.00113000,34.31649540,1681855537021,False,True
382,3085597007,30368.71000000,0.01172000,355.92128120,1681855537021,False,True
383,3085597008,30368.71000000,0.03294000,1000.34530740,1681855537021,False,True
384,3085597009,30368.81000000,0.00071000,21.56185510,1681855537021,False,True
385,3085597010,30368.89000000,0.00070000,21.25822300,1681855537021,False,True
386,3085597011,30369.11000000,0.08060000,2447.75026600,1681855537021,False,True
387,3085597012,30369.20000000,0.00066000,20.04367200,1681855537021,False,True
388,3085597013,30369.20000000,0.00071000,21.56213200,1681855537021,False,True
389,3085597014,30369.34000000,0.18625000,5656.28957500,1681855537021,False,True
390,3085597015,30369.45000000,0.00070000,21.25861500,1681855537024,False,True
391,3085597016,30369.59000000,0.00071000,21.56240890,1681855537024,False,True
392,3085597017,30369.61000000,0.00506000,153.67022660,1681855537024,False,True
393,3085597018,30369.82000000,0.10000000,3036.98200000,1681855537024,False,True
394,3085597019,30369.98000000,0.00071000,21.56268580,1681855537024,False,True
395,3085597020,30370.00000000,0.03293000,1000.08410000,1681855537024,False,True
396,3085597021,30370.00000000,0.00585000,177.66450000,1681855537024,False,True
397,3085597022,30370.00000000,0.07296000,2215.79520000,1681855537024,False,True
398,3085597023,30370.00000000,0.00042000,12.75540000,1681855537024,False,True
399,3085597024,30370.01000000,0.00070000,21.25900700,1681855537024,False,True
400,3085597025,30370.09000000,0.55552000,16871.19239680,1681855537024,False,True
401,3085597026,30370.10000000,0.00066000,20.04426600,1681855537024,False,True
402,3085597027,30370.37000000,0.00071000,21.56296270,1681855537024,False,True
403,3085597028,30370.57000000,0.00070000,21.25939900,1681855537024,False,True
404,3085597029,30370.84000000,0.00164000,49.80817760,1681855537024,False,True
405,3085597030,30370.85000000,0.00044000,13.36317400,1681855537024,False,True
406,3085597031,30370.94000000,0.00102000,30.97835880,1681855537024,False,True
407,3085597032,30371.00000000,0.00066000,20.04486000,1681855537024,False,True
408,3085597033,30371.13000000,0.00070000,21.25979100,1681855537024,False,True
409,3085597034,30371.22000000,0.00649000,197.10921780,1681855537024,False,True
410,3085597035,30371.67000000,0.61707000,18741.44640690,1681855537024,False,True
411,3085597036,30371.69000000,0.00027000,8.20035630,1681855537025,False,True
412,3085597037,30371.69000000,0.01000000,303.71690000,1681855537025,False,True
413,3085597038,30371.69000000,2.27839000,69198.55477910,1681855537025,False,True
414,3085597039,30371.69000000,1.67967000,51014.41654230,1681855537025,False,True
415,3085597040,30371.41000000,0.00876000,266.05355160,1681855537031,False,True
416,3085597041,30371.69000000,0.49124000,14919.78899560,1681855537031,False,True
417,3085597042,30371.69000000,0.00113000,34.32000970,1681855537054,False,True
418,3085597043,30371.69000000,1.78772000,54296.07764680,1681855537098,False,True
419,3085597044,30371.69000000,0.45975000,13963.38447750,1681855537098,False,True
420,3085597045,30371.69000000,0.03000000,911.15070000,1681855537098,False,True
421,3085597046,30371.69000000,0.01000000,303.71690000,1681855537098,False,True
422,3085597047,30371.69000000,0.00339000,102.96002910,1681855537098,False,True
423,3085597048,30371.69000000,0.01595000,484.42845550,1681855537098,False,True
424,3085597049,30371.69000000,0.00070000,21.26018300,1681855537098,False,True
425,3085597050,30371.71000000,0.01601000,486.25107710,1681855537098,False,True
426,3085597051,30371.90000000,0.00066000,20.04545400,1681855537100,False,True
427,3085597052,30372.25000000,0.00070000,21.26057500,1681855537101,False,True
428,3085597053,30372.40000000,0.00128000,38.87667200,1681855537101,False,True
429,3085597054,30372.56000000,0.03236000,982.85604160,1681855537101,False,True
430,3085597055,30372.64000000,0.01896000,575.86525440,1681855537101,False,True
431,3085597056,30372.69000000,0.34561000,10497.10539090,1681855537101,False,True
432,3085597057,30372.80000000,0.00066000,20.04604800,1681855537101,False,True
433,3085597058,30372.96000000,0.01181000,358.70465760,1681855537101,False,True
434,3085597059,30373.08000000,0.05001000,1518.95773080,1681855537101,False,True
435,3085597060,30373.37000000,0.00128000,38.87791360,1681855537101,False,True
436,3085597061,30373.40000000,0.00044000,13.36429600,1681855537101,False,True
437,3085597062,30373.70000000,0.00066000,20.04664200,1681855537101,False,True
438,3085597063,30373.79000000,0.00114000,34.62612060,1681855537101,False,True
439,3085597064,30373.87000000,0.05070000,1539.95520900,1681855537101,False,True
440,3085597065,30374.25000000,0.00058000,17.61706500,1681855537101,False,True
441,3085597066,30374.28000000,0.00171000,51.94001880,1681855537101,False,True
442,3085597067,30374.28000000,0.00336000,102.05758080,1681855537101,False,True
443,3085597068,30374.42000000,0.00072000,21.86958240,1681855537101,False,True
444,3085597069,30374.42000000,0.00037000,11.23853540,1681855537101,False,True
445,3085597070,30374.49000000,0.05013000,1522.67318370,1681855537101,False,True
446,3085597071,30374.49000000,0.00381000,115.72680690,1681855537101,False,True
447,3085597072,30374.49000000,0.00140000,42.52428600,1681855537101,False,True
448,3085597073,30374.49000000,0.02000000,607.48980000,1681855537101,False,True
449,3085597074,30374.49000000,0.00756000,229.63114440,1681855537101,False,True
450,3085597075,30374.50000000,0.01640000,498.14180000,1681855537101,False,True
451,3085597076,30374.60000000,0.00066000,20.04723600,1681855537101,False,True
452,3085597077,30374.68000000,0.00064000,19.43979520,1681855537101,False,True
453,3085597078,30374.84000000,0.00688000,208.97889920,1681855537128,True,True
454,3085597079,30374.84000000,0.01159000,352.04439560,1681855537128,True,True
455,3085597080,30374.84000000,0.00269000,81.70831960,1681855537182,True,True
456,3085597081,30374.84000000,0.00040000,12.14993600,1681855537223,True,True
457,3085597082,30374.84000000,0.00075000,22.78113000,1681855537247,True,True
458,3085597083,30374.84000000,0.00928000,281.87851520,1681855537328,True,True
459,3085597084,30374.84000000,0.04150000,1260.55586000,1681855537425,True,True
460,3085597085,30374.84000000,0.01491000,452.88886440,1681855537425,True,True
461,3085597086,30374.85000000,0.04962000,1507.20005700,1681855537466,False,True
462,3085597087,30374.85000000,0.00631000,191.66530350,1681855537466,False,True
463,3085597088,30374.85000000,0.00640000,194.39904000,1681855537466,False,True
464,3085597089,30374.89000000,0.00078000,23.69241420,1681855537466,False,True
465,3085597090,30375.00000000,0.01998000,606.89250000,1681855537466,False,True
466,3085597091,30375.00000000,0.00040000,12.15000000,1681855537466,False,True
467,3085597092,30375.25000000,0.00829000,251.81082250,1681855537466,False,True
468,3085597093,30375.46000000,0.01346000,408.85369160,1681855537466,False,True
469,3085597094,30375.50000000,0.00066000,20.04783000,1681855537466,False,True
470,3085597095,30375.53000000,0.09574000,2908.15324220,1681855537466,False,True
471,3085597096,30375.53000000,0.04998000,1518.16898940,1681855537476,False,True
472,3085597097,30375.52000000,0.01285000,390.32543200,1681855537503,True,True
473,3085597098,30375.52000000,0.06962000,2114.74370240,1681855537564,True,True
474,3085597099,30375.91000000,0.00086000,26.12328260,1681855537628,True,True
475,3085597100,30375.91000000,0.09914000,3011.46771740,1681855537637,True,True
476,3085597101,30375.91000000,0.06332000,1923.40262120,1681855537637,True,True
477,3085597102,30375.92000000,0.00055000,16.70675600,1681855537643,False,True
478,3085597103,30375.91000000,0.00067000,20.35185970,1681855537691,True,True
479,3085597104,30375.91000000,0.00787000,239.05841170,1681855537774,True,True
480,3085597105,30375.91000000,0.00929000,282.19220390,1681855537775,True,True
481,3085597106,30375.91000000,0.00267000,81.10367970,1681855537828,True,True
482,3085597107,30375.91000000,0.00177000,53.76536070,1681855537880,True,True
483,3085597108,30375.92000000,0.20227000,6144.13733840,1681855537923,False,True
484,3085597109,30375.91000000,0.01441000,437.71686310,1681855537935,True,True
485,3085597110,30375.91000000,0.02562000,778.23081420,1681855537935,True,True
486,3085597111,30375.91000000,0.01123000,341.12146930,1681855537974,True,True
487,3085597112,30375.91000000,0.03315000,1006.96141650,1681855538000,True,True
488,3085597113,30375.91000000,0.02087000,633.94524170,1681855538000,True,True
489,3085597114,30375.91000000,0.00659000,200.17724690,1681855538000,True,True
490,3085597115,30375.91000000,0.02363000,717.78275330,1681855538000,True,True
491,3085597116,30375.92000000,0.04998000,1518.18848160,1681855538003,False,True
492,3085597117,30375.92000000,0.00122000,37.05862240,1681855538330,False,True
493,3085597118,30375.92000000,0.20194000,6134.11328480,1681855538364,False,True
494,3085597119,30375.92000000,0.06635000,2015.44229200,1681855538497,False,True
495,3085597120,30375.91000000,0.00678000,205.94866980,1681855538510,True,True
496,3085597121,30375.92000000,0.20134000,6115.88773280,1681855538815,False,True
497,3085597122,30375.92000000,0.14999000,4556.08424080,1681855538835,False,True
498,3085597123,30375.92000000,0.00668000,202.91114560,1681855538925,False,True
499,3085597124,30375.94000000,0.00168000,51.03157920,1681855539046,True,True
