,id,price,qty,quoteQty,time,isBuyerMaker,isBestMatch
0,3083465554,29858.28000000,0.00062000,18.51213360,1681692094731,True,True
1,3083465555,29858.28000000,0.00731000,218.26402680,1681692094876,True,True
2,3083465556,29858.29000000,0.00750000,223.93717500,1681692094925,False,True
3,3083465557,29858.28000000,0.00335000,100.02523800,1681692095083,True,True
4,3083465558,29858.28000000,0.00370000,110.47563600,1681692095092,True,True
5,3083465559,29858.29000000,0.00164000,48.96759560,1681692095122,False,True
6,3083465560,29858.29000000,0.00762000,227.52016980,1681692095174,False,True
7,3083465561,29858.28000000,0.01596000,476.53814880,1681692095223,True,True
8,3083465562,29858.29000000,0.03350000,1000.25271500,1681692095225,False,True
9,3083465563,29858.29000000,0.00070000,20.90080300,1681692095241,False,True
10,3083465564,29858.28000000,0.11672000,3485.05844160,1681692095357,True,True
11,3083465565,29858.28000000,0.10000000,2985.82800000,1681692095357,True,True
12,3083465566,29858.28000000,0.27406000,8182.96021680,1681692095357,True,True
13,3083465567,29858.28000000,0.00422000,126.00194160,1681692095550,True,True
14,3083465568,29858.28000000,0.00335000,100.02523800,1681692095610,True,True
15,3083465569,29858.29000000,0.00582000,173.77524780,1681692095889,False,True
16,3083465570,29858.29000000,0.00124000,37.02427960,1681692096032,False,True
17,3083465571,29858.28000000,0.00039000,11.64472920,1681692096114,True,True
18,3083465572,29858.28000000,0.00174000,51.95340720,1681692096137,True,True
19,3083465573,29858.28000000,0.35719000,10665.07903320,1681692096233,True,True
20,3083465574,29858.28000000,0.53965000,16113.02080200,1681692096239,True,True
21,3083465575,29858.28000000,0.73710000,22008.53818800,1681692096239,True,True
22,3083465576,29858.28000000,0.01570000,468.77499600,1681692096243,True,True
23,3083465577,29858.28000000,0.10000000,2985.82800000,1681692096243,True,True
24,3083465578,29858.28000000,0.07000000,2090.07960000,1681692096243,True,True
25,3083465579,29858.28000000,0.10000000,2985.82800000,1681692096243,True,True
26,3083465580,29858.28000000,0.07811000,2332.23025080,1681692096243,True,True
27,3083465581,29858.28000000,0.01284000,383.38031520,1681692096340,True,True
28,3083465582,29858.28000000,0.01243000,371.13842040,1681692096340,True,True
29,3083465583,29858.28000000,0.01277000,381.29023560,1681692096340,True,True
30,3083465584,29858.28000000,0.00053000,15.82488840,1681692096340,True,True
31,3083465585,29858.28000000,0.00618000,184.52417040,1681692096340,True,True
32,3083465586,29858.28000000,0.01116000,333.21840480,1681692096340,True,True
33,3083465587,29858.27000000,0.00544000,162.42898880,1681692096340,True,True
34,3083465588,29858.27000000,0.00239000,71.36126530,1681692096340,True,True
35,3083465589,29858.26000000,0.01116000,333.21818160,1681692096340,True,True
36,3083465590,29858.24000000,0.01117000,333.51654080,1681692096340,True,True
37,3083465591,29857.91000000,0.11352000,3389.46994320,1681692096340,True,True
38,3083465592,29857.90000000,0.18846000,5627.01983400,1681692096340,True,True
39,3083465593,29857.52000000,0.00071000,21.19883920,1681692096340,True,True
40,3083465594,29857.13000000,0.00071000,21.19856230,1681692096341,True,True
41,3083465595,29856.74000000,0.00071000,21.19828540,1681692096341,True,True
42,3083465596,29856.36000000,0.01673000,499.49690280,1681692096341,True,True
43,3083465597,29856.35000000,0.00071000,21.19800850,1681692096341,True,True
44,3083465598,29856.33000000,0.01675000,500.09352750,1681692096341,True,True
45,3083465599,29856.33000000,0.00335000,100.01870550,1681692096341,True,True
46,3083465600,29856.28000000,0.00200000,59.71256000,1681692096341,True,True
47,3083465601,29855.96000000,0.00071000,21.19773160,1681692096341,True,True
48,3083465602,29855.57000000,0.00071000,21.19745470,1681692096341,True,True
49,3083465603,29855.18000000,0.00071000,21.19717780,1681692096341,True,True
50,3083465604,29854.85000000,0.02613000,780.10723050,1681692096341,True,True
51,3083465605,29854.85000000,0.02433000,726.36850050,1681692096347,True,True
52,3083465606,29854.84000000,0.00635000,189.57823400,1681692096347,True,True
53,3083465607,29854.79000000,0.00071000,21.19690090,1681692096347,True,True
54,3083465608,29854.40000000,0.00071000,21.19662400,1681692096347,True,True
55,3083465609,29854.31000000,0.00200000,59.70862000,1681692096347,True,True
56,3083465610,29854.01000000,0.00071000,21.19634710,1681692096347,True,True
57,3083465611,29853.62000000,0.00071000,21.19607020,1681692096347,True,True
58,3083465612,29853.60000000,0.07800000,2328.58080000,1681692096347,True,True
59,3083465613,29853.23000000,0.00071000,21.19579330,1681692096347,True,True
60,3083465614,29853.20000000,0.00044000,13.13540800,1681692096347,True,True
61,3083465615,29852.95000000,0.05026000,1500.40926700,1681692096347,True,True
62,3083465616,29852.84000000,0.00071000,21.19551640,1681692096347,True,True
63,3083465617,29852.81000000,0.00200000,59.70562000,1681692096347,True,True
64,3083465618,29852.45000000,0.00667000,199.11584150,1681692096347,True,True
65,3083465619,29852.45000000,0.00071000,21.19523950,1681692096347,True,True
66,3083465620,29852.18000000,0.02528000,754.66311040,1681692096347,True,True
67,3083465621,29854.84000000,0.00070000,20.89838800,1681692096381,True,True
68,3083465622,29854.84000000,0.00263000,78.51822920,1681692096473,True,True
69,3083465623,29854.84000000,0.00187000,55.82855080,1681692096625,True,True
70,3083465624,29854.85000000,0.05555000,1658.43691750,1681692096752,False,True
71,3083465625,29854.84000000,0.00044000,13.13612960,1681692096763,True,True
72,3083465626,29854.84000000,0.00214000,63.88935760,1681692096784,True,True
73,3083465627,29854.84000000,0.00065000,19.40564600,1681692096870,True,True
74,3083465628,29854.84000000,0.19264000,5751.23637760,1681692096930,True,True
75,3083465629,29854.84000000,0.14735000,4399.11067400,1681692096930,True,True
76,3083465630,29854.83000000,0.00052000,15.52451160,1681692096949,True,True
77,3083465631,29854.81000000,0.00035000,10.44918350,1681692097010,True,True
78,3083465632,29852.84000000,0.00200000,59.70568000,1681692097010,True,True
79,3083465633,29852.59000000,0.00372000,111.05163480,1681692097010,True,True
80,3083465634,29852.59000000,0.00036000,10.74693240,1681692097023,True,True
81,3083465635,29851.14000000,0.00114000,34.03029960,1681692097048,True,True
82,3083465636,29850.65000000,0.00044000,13.13428600,1681692097048,True,True
83,3083465637,29850.00000000,0.00167000,49.84950000,1681692097048,True,True
84,3083465638,29849.55000000,0.01319000,393.71556450,1681692097048,True,True
85,3083465639,29849.55000000,0.13350000,3984.91492500,1681692097071,True,True
86,3083465640,29849.56000000,0.00134000,39.99841040,1681692097266,False,True
87,3083465641,29849.56000000,0.00200000,59.69912000,1681692097306,False,True
88,3083465642,29849.56000000,0.00950000,283.57082000,1681692097328,False,True
89,3083465643,29849.56000000,0.01277000,381.17888120,1681692097328,False,True
90,3083465644,29849.56000000,0.01243000,371.03003080,1681692097328,False,True
91,3083465645,29849.56000000,0.06579000,1963.80255240,1681692097328,False,True
92,3083465646,29849.55000000,0.03353000,1000.85541150,1681692097366,True,True
93,3083465647,29849.56000000,0.03721000,1110.70212760,1681692097373,False,True
94,3083465648,29849.56000000,0.00091000,27.16309960,1681692097373,False,True
95,3083465649,29851.56000000,0.00200000,59.70312000,1681692097373,False,True
96,3083465650,29852.60000000,0.12917000,3856.06034200,1681692097373,False,True
97,3083465651,29852.81000000,0.30154000,9001.81632740,1681692097373,False,True
98,3083465652,29852.82000000,0.21849000,6522.54264180,1681692097373,False,True
99,3083465653,29853.20000000,0.00044000,13.13540800,1681692097383,False,True
100,3083465654,29853.22000000,0.00035000,10.44862700,1681692097386,False,True
101,3083465655,29853.56000000,0.00200000,59.70712000,1681692097386,False,True
102,3083465656,29853.56000000,0.43754000,13062.12664240,1681692097386,False,True
103,3083465657,29855.06000000,0.00274000,81.80286440,1681692097436,True,True
104,3083465658,29855.06000000,0.00055000,16.42028300,1681692097452,True,True
105,3083465659,29855.06000000,0.00055000,16.42028300,1681692097503,True,True
106,3083465660,29855.07000000,0.00693000,206.89563510,1681692097533,False,True
107,3083465661,29855.75000000,0.00044000,13.13653000,1681692097533,False,True
108,3083465662,29855.75000000,0.04999000,1492.48894250,1681692097533,False,True
109,3083465663,29856.19000000,0.00674000,201.23072060,1681692097533,False,True
110,3083465664,29856.35000000,0.00662000,197.64903700,1681692097533,False,True
111,3083465665,29856.37000000,0.00689000,205.71038930,1681692097533,False,True
112,3083465666,29856.41000000,0.00114000,34.03630740,1681692097533,False,True
113,3083465667,29856.99000000,0.07030000,2098.94639700,1681692097533,False,True
114,3083465668,29856.98000000,0.00055000,16.42133900,1681692097565,True,True
115,3083465669,29856.99000000,0.00576000,171.97626240,1681692097569,False,True
116,3083465670,29856.98000000,0.01981000,591.46677380,1681692097625,True,True
117,3083465671,29856.99000000,0.38826000,11592.27493740,1681692097677,False,True
118,3083465672,29857.21000000,0.15000000,4478.58150000,1681692097684,True,True
119,3083465673,29857.21000000,0.47543000,14195.01335030,1681692097684,True,True
120,3083465674,29857.21000000,0.20000000,5971.44200000,1681692097684,True,True
121,3083465675,29857.21000000,0.20000000,5971.44200000,1681692097684,True,True
122,3083465676,29857.21000000,0.66980000,19998.35925800,1681692097684,True,True
123,3083465677,29857.21000000,0.15173000,4530.23447330,1681692097684,True,True
124,3083465678,29857.21000000,0.20000000,5971.44200000,1681692097684,True,True
125,3083465679,29857.21000000,0.10000000,2985.72100000,1681692097684,True,True
126,3083465680,29857.21000000,0.15000000,4478.58150000,1681692097684,True,True
127,3083465681,29857.21000000,0.38820000,11590.56892200,1681692097684,True,True
128,3083465682,29856.98000000,0.08561000,2556.05605780,1681692097684,True,True
129,3083465683,29856.98000000,0.03076000,918.40070480,1681692097684,True,True
130,3083465684,29856.98000000,0.14280000,4263.57674400,1681692097684,True,True
131,3083465685,29856.98000000,0.01268000,378.58650640,1681692097684,True,True
132,3083465686,29856.98000000,0.01290000,385.15504200,1681692097684,True,True
133,3083465687,29856.98000000,0.01272000,379.78078560,1681692097684,True,True
134,3083465688,29856.98000000,0.00725000,216.46310500,1681692097684,True,True
135,3083465689,29856.98000000,0.77000000,22989.87460000,1681692097684,True,True
136,3083465690,29857.21000000,0.00100000,29.85721000,1681692097687,True,True
137,3083465691,29857.21000000,0.03001000,896.01487210,1681692097688,True,True
138,3083465692,29857.08000000,0.66596000,19883.62099680,1681692097688,True,True
139,3083465693,29857.08000000,0.10404000,3106.33060320,1681692097688,True,True
140,3083465694,29857.06000000,0.12043000,3595.68573580,1681692097688,True,True
141,3083465695,29857.21000000,0.14188000,4236.14095480,1681692097688,True,True
142,3083465696,29857.21000000,0.52480000,15669.06380800,1681692097688,True,True
143,3083465697,29857.21000000,0.00310000,92.55735100,1681692097689,True,True
144,3083465698,29853.96000000,0.05047000,1506.72936120,1681692097690,True,True
145,3083465699,29853.20000000,0.00044000,13.13540800,1681692097690,True,True
146,3083465700,29851.93000000,0.00686000,204.78423980,1681692097806,True,True
147,3083465701,29851.93000000,0.00600000,179.11158000,1681692097806,True,True
148,3083465702,29851.93000000,0.00600000,179.11158000,1681692097806,True,True
149,3083465703,29851.93000000,0.00669000,199.70941170,1681692097806,True,True
150,3083465704,29851.18000000,0.00670000,200.00290600,1681692097828,True,True
151,3083465705,29851.18000000,0.03000000,895.53540000,1681692097829,True,True
152,3083465706,29851.14000000,0.00114000,34.03029960,1681692097848,True,True
153,3083465707,29850.65000000,0.00044000,13.13428600,1681692097883,True,True
154,3083465708,29849.69000000,0.00672000,200.58991680,1681692097883,True,True
155,3083465709,29849.55000000,0.00112000,33.43149600,1681692097883,True,True
156,3083465710,29849.45000000,0.00771000,230.13925950,1681692097883,True,True
157,3083465711,29848.99000000,0.00485000,144.76760150,1681692097883,True,True
158,3083465712,29848.93000000,0.00037000,11.04410410,1681692097883,True,True
159,3083465713,29848.10000000,0.00044000,13.13316400,1681692097883,True,True
160,3083465714,29847.30000000,0.00661000,197.29065300,1681692097883,True,True
161,3083465715,29847.20000000,0.00774000,231.01732800,1681692097883,True,True
162,3083465716,29847.00000000,0.00170000,50.73990000,1681692097902,False,True
163,3083465717,29846.22000000,0.00155000,46.26164100,1681692097970,False,True
164,3083465718,29846.22000000,0.00461000,137.59107420,1681692097986,False,True
165,3083465719,29846.22000000,0.03000000,895.38660000,1681692098010,False,True
166,3083465720,29846.22000000,0.00461000,137.59107420,1681692098024,False,True
167,3083465721,29846.22000000,0.00348000,103.86484560,1681692098025,False,True
168,3083465722,29846.22000000,0.00196000,58.49859120,1681692098088,False,True
169,3083465723,29846.22000000,0.00580000,173.10807600,1681692098101,False,True
170,3083465724,29846.21000000,0.00348000,103.86481080,1681692098440,True,True
171,3083465725,29846.21000000,0.00268000,79.98784280,1681692098553,True,True
172,3083465726,29846.22000000,0.00073000,21.78774060,1681692098681,False,True
173,3083465727,29846.22000000,0.02631000,785.25404820,1681692098720,False,True
174,3083465728,29846.21000000,0.00520000,155.20029200,1681692098884,True,True
175,3083465729,29846.21000000,0.07526000,2246.22576460,1681692098884,True,True
176,3083465730,29846.21000000,0.00267000,79.68938070,1681692098979,True,True
177,3083465731,29846.21000000,0.00068000,20.29542280,1681692098982,True,True
178,3083465732,29846.21000000,0.00167000,49.84317070,1681692099014,True,True
179,3083465733,29846.21000000,0.00166000,49.54470860,1681692099035,True,True
180,3083465734,29846.21000000,0.00241000,71.92936610,1681692099069,True,True
181,3083465735,29846.21000000,0.00167000,49.84317070,1681692099090,True,True
182,3083465736,29846.21000000,0.06267000,1870.46198070,1681692099168,True,True
183,3083465737,29846.22000000,0.00605000,180.56963100,1681692099233,False,True
184,3083465738,29846.22000000,0.00298000,88.94173560,1681692099311,False,True
185,3083465739,29846.22000000,0.03349000,999.54990780,1681692099468,False,True
186,3083465740,29846.22000000,0.00218000,65.06475960,1681692099543,False,True
187,3083465741,29846.21000000,0.05120000,1528.12595200,1681692099747,True,True
188,3083465742,29846.21000000,0.02217000,661.69047570,1681692099747,True,True
189,3083465743,29846.21000000,0.00639000,190.71728190,1681692099747,True,True
190,3083465744,29846.21000000,0.00632000,188.62804720,1681692099747,True,True
191,3083465745,29846.21000000,0.01553000,463.51164130,1681692099747,True,True
192,3083465746,29846.21000000,0.09848000,2939.25476080,1681692099747,True,True
193,3083465747,29846.21000000,0.00335000,99.98480350,1681692099855,True,True
194,3083465748,29846.22000000,0.73820000,22032.47960400,1681692100072,False,True
195,3083465749,29846.22000000,0.02249000,671.24148780,1681692100072,False,True
196,3083465750,29846.22000000,0.17751000,5298.00251220,1681692100162,False,True
197,3083465751,29846.22000000,0.20000000,5969.24400000,1681692100162,False,True
198,3083465752,29846.22000000,0.20000000,5969.24400000,1681692100162,False,True
199,3083465753,29846.22000000,0.27082000,8082.95330040,1681692100162,False,True
200,3083465754,29846.22000000,0.12020000,3587.51564400,1681692100162,False,True
201,3083465755,29846.22000000,0.01268000,378.45006960,1681692100162,False,True
202,3083465756,29846.22000000,0.01290000,385.01623800,1681692100162,False,True
203,3083465757,29846.22000000,0.01272000,379.64391840,1681692100162,False,True
204,3083465758,29846.22000000,0.38710000,11553.47176200,1681692100162,False,True
205,3083465759,29846.22000000,0.00754000,225.04049880,1681692100186,False,True
206,3083465760,29846.22000000,0.01234000,368.30235480,1681692100187,False,True
207,3083465761,29846.22000000,0.00412000,122.96642640,1681692100202,False,True
208,3083465762,29846.22000000,0.15696000,4684.66269120,1681692100202,False,True
209,3083465763,29846.22000000,0.05000000,1492.31100000,1681692100202,False,True
210,3083465764,29846.22000000,0.07600000,2268.31272000,1681692100202,False,True
211,3083465765,29846.22000000,0.01900000,567.07818000,1681692100202,False,True
212,3083465766,29846.22000000,0.16800000,5014.16496000,1681692100202,False,True
213,3083465767,29846.22000000,0.05439000,1623.33590580,1681692100202,False,True
214,3083465768,29846.22000000,0.11880000,3545.73093600,1681692100202,False,True
215,3083465769,29846.30000000,0.00066000,19.69855800,1681692100202,False,True
216,3083465770,29846.60000000,0.00071000,21.19108600,1681692100202,False,True
217,3083465771,29846.95000000,0.25278000,7544.71202100,1681692100202,False,True
218,3083465772,29846.95000000,0.39515000,11794.02229250,1681692100211,False,True
219,3083465773,29846.95000000,0.25207000,7523.52068650,1681692100229,False,True
220,3083465774,29846.99000000,0.00071000,21.19136290,1681692100229,False,True
221,3083465775,29847.20000000,0.00066000,19.69915200,1681692100234,False,True
222,3083465776,29847.38000000,0.00071000,21.19163980,1681692100234,False,True
223,3083465777,29847.71000000,0.00666000,198.78574860,1681692100234,False,True
224,3083465778,29847.77000000,0.00071000,21.19191670,1681692100234,False,True
225,3083465779,29848.10000000,0.00066000,19.69974600,1681692100251,False,True
226,3083465780,29848.16000000,0.00071000,21.19219360,1681692100251,False,True
227,3083465781,29848.45000000,0.01891000,564.43418950,1681692100251,False,True
228,3083465782,29848.55000000,0.00071000,21.19247050,1681692100278,False,True
229,3083465783,29848.94000000,0.00071000,21.19274740,1681692100330,False,True
230,3083465784,29849.00000000,0.00060000,17.90940000,1681692100332,False,True
231,3083465785,29849.00000000,0.00006000,1.79094000,1681692100338,False,True
232,3083465786,29849.33000000,0.00071000,21.19302430,1681692100351,False,True
233,3083465787,29849.72000000,0.00071000,21.19330120,1681692100363,False,True
234,3083465788,29849.90000000,0.00066000,19.70093400,1681692100373,False,True
235,3083465789,29850.10000000,0.00065000,19.40256500,1681692100404,False,True
236,3083465790,29850.10000000,0.00067000,19.99956700,1681692100428,False,True
237,3083465791,29850.09000000,0.00268000,79.99824120,1681692100502,True,True
238,3083465792,29850.09000000,0.12724000,3798.12545160,1681692100608,True,True
239,3083465793,29850.10000000,0.00418000,124.77341800,1681692100777,False,True
240,3083465794,29850.10000000,0.00065000,19.40256500,1681692100871,False,True
241,3083465795,29850.09000000,0.00168000,50.14815120,1681692100971,True,True
242,3083465796,29850.10000000,0.00080000,23.88008000,1681692101105,False,True
243,3083465797,29850.10000000,0.10076000,3007.69607600,1681692101105,False,True
244,3083465798,29850.10000000,0.02422000,722.96942200,1681692101109,False,True
245,3083465799,29850.10000000,0.00168000,50.14816800,1681692101109,False,True
246,3083465800,29850.11000000,0.00071000,21.19357810,1681692101109,False,True
247,3083465801,29850.50000000,0.00071000,21.19385500,1681692101114,False,True
248,3083465802,29850.65000000,0.00044000,13.13428600,1681692101114,False,True
249,3083465803,29851.61000000,0.00515000,153.73579150,1681692101114,False,True
250,3083465804,29851.61000000,0.02161000,645.09329210,1681692101158,False,True
251,3083465805,29851.61000000,0.00036000,10.74657960,1681692101170,False,True
252,3083465806,29851.61000000,0.00056000,16.71690160,1681692101171,False,True
253,3083465807,29851.60000000,0.01987000,593.15129200,1681692101208,True,True
254,3083465808,29851.61000000,0.02231000,665.98941910,1681692101235,False,True
255,3083465809,29851.61000000,0.00001000,0.29851610,1681692101239,False,True
256,3083465810,29851.93000000,0.00966000,288.36964380,1681692101447,False,True
257,3083465811,29851.93000000,0.00199000,59.40534070,1681692101447,False,True
258,3083465812,29851.93000000,0.03187000,951.38100910,1681692101450,False,True
259,3083465813,29852.88000000,0.00657000,196.13342160,1681692101494,False,True
260,3083465814,29853.20000000,0.00044000,13.13540800,1681692101570,False,True
261,3083465815,29853.27000000,0.00677000,202.10663790,1681692101579,False,True
262,3083465816,29854.87000000,0.00313000,93.44574310,1681692101606,False,True
263,3083465817,29854.87000000,0.00571000,170.47130770,1681692101729,False,True
264,3083465818,29854.86000000,0.00450000,134.34687000,1681692101737,True,True
265,3083465819,29854.87000000,0.00261000,77.92121070,1681692101751,False,True
266,3083465820,29854.86000000,0.00659000,196.74352740,1681692101782,True,True
267,3083465821,29854.86000000,0.00101000,30.15340860,1681692101884,True,True
268,3083465822,29854.87000000,0.00223000,66.57636010,1681692101918,False,True
269,3083465823,29854.87000000,0.00523000,156.14097010,1681692101997,False,True
270,3083465824,29854.87000000,0.00342000,102.10365540,1681692102157,False,True
271,3083465825,29854.97000000,0.00334000,99.71559980,1681692102177,False,True
272,3083465826,29854.97000000,0.00140000,41.79695800,1681692102179,False,True
273,3083465827,29854.97000000,0.01805000,538.88220850,1681692102210,False,True
274,3083465828,29854.97000000,0.01705000,509.02723850,1681692102249,False,True
275,3083465829,29854.97000000,0.01499000,447.52600030,1681692102318,False,True
276,3083465830,29854.97000000,0.03350000,1000.14149500,1681692102418,False,True
277,3083465831,29854.96000000,0.02020000,603.07019200,1681692102437,True,True
278,3083465832,29854.97000000,0.09143000,2729.63990710,1681692102513,False,True
279,3083465833,29854.96000000,0.03600000,1074.77856000,1681692102742,True,True
280,3083465834,29854.96000000,0.01200000,358.25952000,1681692102746,True,True
281,3083465835,29854.97000000,0.00817000,243.91510490,1681692102759,False,True
282,3083465836,29854.97000000,0.03600000,1074.77892000,1681692102859,False,True
283,3083465837,29854.96000000,0.01208000,360.64791680,1681692102937,True,True
284,3083465838,29854.97000000,0.03600000,1074.77892000,1681692103119,False,True
285,3083465839,29854.97000000,0.00118000,35.22886460,1681692103150,False,True
286,3083465840,29854.97000000,0.00094000,28.06367180,1681692103152,False,True
287,3083465841,29854.97000000,0.00245000,73.14467650,1681692103257,False,True
288,3083465842,29854.96000000,0.00972000,290.19021120,1681692103269,True,True
289,3083465843,29854.96000000,0.05696000,1700.53852160,1681692103269,True,True
290,3083465844,29854.96000000,0.08000000,2388.39680000,1681692103269,True,True
291,3083465845,29854.96000000,0.05375000,1604.70410000,1681692103269,True,True
292,3083465846,29854.97000000,0.03600000,1074.77892000,1681692103366,False,True
293,3083465847,29854.97000000,0.00903000,269.59037910,1681692103461,False,True
294,3083465848,29854.97000000,0.03600000,1074.77892000,1681692103633,False,True
295,3083465849,29854.97000000,0.00033000,9.85214010,1681692103808,False,True
296,3083465850,29854.97000000,0.00723000,215.85143310,1681692103944,False,True
297,3083465851,29854.97000000,0.00133000,39.70711010,1681692103988,False,True
298,3083465852,29854.97000000,0.00133000,39.70711010,1681692104040,False,True
299,3083465853,29854.96000000,0.03625000,1082.24230000,1681692104044,True,True
300,3083465854,29854.96000000,0.04112000,1227.63595520,1681692104044,True,True
301,3083465855,29854.96000000,0.00888000,265.11204480,1681692104059,True,True
302,3083465856,29854.96000000,0.00312000,93.14747520,1681692104059,True,True
303,3083465857,29854.96000000,0.03600000,1074.77856000,1681692104060,True,True
304,3083465858,29854.97000000,0.00109000,32.54191730,1681692104073,False,True
305,3083465859,29854.97000000,0.00050000,14.92748500,1681692104338,False,True
306,3083465860,29854.97000000,0.00279000,83.29536630,1681692104374,False,True
307,3083465861,29854.97000000,0.01961000,585.45596170,1681692104395,False,True
308,3083465862,29854.96000000,0.01128000,336.76394880,1681692104438,True,True
309,3083465863,29854.97000000,0.00334000,99.71559980,1681692104440,False,True
310,3083465864,29854.96000000,0.00554000,165.39647840,1681692104554,True,True
311,3083465865,29854.96000000,0.00353000,105.38800880,1681692104569,True,True
312,3083465866,29854.97000000,0.00175000,52.24619750,1681692104755,False,True
313,3083465867,29854.97000000,0.00343000,102.40254710,1681692104863,False,True
314,3083465868,29854.97000000,0.00118000,35.22886460,1681692104865,False,True
315,3083465869,29854.97000000,0.00128000,38.21436160,1681692104870,False,True
316,3083465870,29854.97000000,0.00105000,31.34771850,1681692104904,False,True
317,3083465871,29854.96000000,0.00382000,114.04594720,1681692104910,True,True
318,3083465872,29854.97000000,0.00564000,168.38203080,1681692105232,False,True
319,3083465873,29854.97000000,0.00926000,276.45702220,1681692105422,False,True
320,3083465874,29854.97000000,0.00808000,241.22815760,1681692105422,False,True
321,3083465875,29854.97000000,0.00868000,259.14113960,1681692105422,False,True
322,3083465876,29854.97000000,0.00106000,31.64626820,1681692105423,False,True
323,3083465877,29854.97000000,0.00099000,29.55642030,1681692105424,False,True
324,3083465878,29854.97000000,0.00093000,27.76512210,1681692105424,False,True
325,3083465879,29854.96000000,0.00735000,219.43395600,1681692105529,True,True
326,3083465880,29854.97000000,0.08039000,2400.04103830,1681692105586,False,True
327,3083465881,29854.97000000,0.00128000,38.21436160,1681692105633,False,True
328,3083465882,29854.96000000,0.00335000,100.01411600,1681692105671,True,True
329,3083465883,29854.97000000,0.00669000,199.72974930,1681692105732,False,True
330,3083465884,29854.96000000,0.01839000,549.03271440,1681692105754,True,True
331,3083465885,29854.97000000,0.00153000,45.67810410,1681692105953,False,True
332,3083465886,29854.97000000,0.00058000,17.31588260,1681692105981,False,True
333,3083465887,29854.97000000,0.15150000,4523.02795500,1681692106071,False,True
334,3083465888,29854.97000000,0.17635000,5264.92395950,1681692106077,False,True
335,3083465889,29854.97000000,0.05527000,1650.08419190,1681692106139,False,True
336,3083465890,29854.97000000,0.04636000,1384.07640920,1681692106139,False,True
337,3083465891,29854.97000000,0.17976000,5366.72940720,1681692106139,False,True
338,3083465892,29854.97000000,0.00817000,243.91510490,1681692106139,False,True
339,3083465893,29854.97000000,0.03600000,1074.77892000,1681692106139,False,True
340,3083465894,29854.97000000,0.03812000,1138.07145640,1681692106139,False,True
341,3083465895,29854.97000000,0.04748000,1417.51397560,1681692106139,False,True
342,3083465896,29854.97000000,0.03600000,1074.77892000,1681692106139,False,True
343,3083465897,29854.97000000,0.01131000,337.65971070,1681692106139,False,True
344,3083465898,29854.97000000,0.02624000,783.39441280,1681692106139,False,True
345,3083465899,29854.97000000,0.00869000,259.43968930,1681692106139,False,True
346,3083465900,29854.97000000,0.00564000,168.38203080,1681692106139,False,True
347,3083465901,29854.97000000,0.02900000,865.79413000,1681692106139,False,True
348,3083465902,29854.97000000,0.05800000,1731.58826000,1681692106139,False,True
349,3083465903,29854.97000000,0.03036000,906.39688920,1681692106168,False,True
350,3083465904,29854.97000000,0.04636000,1384.07640920,1681692106168,False,True
351,3083465905,29854.97000000,0.04636000,1384.07640920,1681692106168,False,True
352,3083465906,29854.97000000,0.02948000,880.12451560,1681692106168,False,True
353,3083465907,29854.97000000,0.01688000,503.95189360,1681692106174,False,True
354,3083465908,29854.97000000,0.00134000,40.00565980,1681692106174,False,True
355,3083465909,29854.97000000,0.04502000,1344.07074940,1681692106179,False,True
356,3083465910,29854.97000000,0.03393000,1012.97913210,1681692106179,False,True
357,3083465911,29854.98000000,0.06089000,1817.86973220,1681692106179,False,True
358,3083465912,29854.98000000,0.00599000,178.83133020,1681692106179,False,True
359,3083465913,29854.98000000,0.00896000,267.50062080,1681692106182,False,True
360,3083465914,29854.98000000,0.06089000,1817.86973220,1681692106182,False,True
361,3083465915,29854.98000000,0.05101000,1522.90252980,1681692106182,False,True
362,3083465916,29854.98000000,0.00988000,294.96720240,1681692106189,False,True
363,3083465917,29854.98000000,0.00461000,137.63145780,1681692106420,False,True
364,3083465918,29854.98000000,0.00221000,65.97950580,1681692106451,False,True
365,3083465919,29854.98000000,0.00240000,71.65195200,1681692106451,False,True
366,3083465920,29854.98000000,0.00421000,125.68946580,1681692106488,False,True
367,3083465921,29854.98000000,0.04580000,1367.35808400,1681692106488,False,True
368,3083465922,29854.98000000,0.01508000,450.21309840,1681692106527,False,True
369,3083465923,29854.98000000,0.00001000,0.29854980,1681692106639,False,True
370,3083465924,29854.98000000,0.01719000,513.20710620,1681692106639,False,True
371,3083465925,29854.98000000,0.06088000,1817.57118240,1681692106697,False,True
372,3083465926,29854.98000000,0.00001000,0.29854980,1681692106712,False,True
373,3083465927,29854.98000000,0.06089000,1817.86973220,1681692106712,False,True
374,3083465928,29854.98000000,0.01567000,467.82753660,1681692106712,False,True
375,3083465929,29854.98000000,0.04522000,1350.04219560,1681692106713,False,True
376,3083465930,29854.98000000,0.06089000,1817.86973220,1681692106713,False,True
377,3083465931,29854.98000000,0.06089000,1817.86973220,1681692106713,False,True
378,3083465932,29854.98000000,0.06082000,1815.77988360,1681692106713,False,True
379,3083465933,29854.99000000,0.00683000,203.90958170,1681692106713,False,True
380,3083465934,29854.99000000,0.00639000,190.77338610,1681692106713,False,True
381,3083465935,29854.99000000,0.00071000,21.19704290,1681692106713,False,True
382,3083465936,29855.00000000,0.02433000,726.37215000,1681692106713,False,True
383,3083465937,29855.18000000,0.00852000,254.36613360,1681692106715,False,True
384,3083465938,29855.30000000,0.00264000,78.81799200,1681692106715,False,True
385,3083465939,29855.37000000,0.00280000,83.59503600,1681692106715,False,True
386,3083465940,29855.57000000,0.00071000,21.19745470,1681692106715,False,True
387,3083465941,29855.66000000,0.00661000,197.34591260,1681692106715,False,True
388,3083465942,29855.67000000,0.00369000,110.16742230,1681692106715,False,True
389,3083465943,29855.75000000,0.00044000,13.13653000,1681692106715,False,True
390,3083465944,29855.93000000,0.00070000,20.89915100,1681692106715,False,True
391,3083465945,29855.96000000,0.00071000,21.19773160,1681692106715,False,True
392,3083465946,29856.20000000,0.00066000,19.70509200,1681692106715,False,True
393,3083465947,29856.35000000,0.00071000,21.19800850,1681692106715,False,True
394,3083465948,29856.41000000,0.00114000,34.03630740,1681692106715,False,True
395,3083465949,29856.46000000,0.00689000,205.71100940,1681692106715,False,True
396,3083465950,29856.49000000,0.00070000,20.89954300,1681692106715,False,True
397,3083465951,29856.74000000,0.00071000,21.19828540,1681692106715,False,True
398,3083465952,29857.05000000,0.00070000,20.89993500,1681692106725,False,True
399,3083465953,29857.10000000,0.00066000,19.70568600,1681692106733,False,True
400,3083465954,29857.13000000,0.00071000,21.19856230,1681692106746,False,True
401,3083465955,29857.21000000,0.04878000,1456.43470380,1681692106772,False,True
402,3083465956,29857.21000000,0.00122000,36.42579620,1681692106775,False,True
403,3083465957,29857.52000000,0.00071000,21.19883920,1681692106779,False,True
404,3083465958,29857.52000000,0.00676000,201.83683520,1681692106779,False,True
405,3083465959,29857.61000000,0.00070000,20.90032700,1681692106795,False,True
406,3083465960,29857.85000000,0.00121000,36.12799850,1681692106805,False,True
407,3083465961,29857.85000000,0.06467000,1930.90715950,1681692106810,False,True
408,3083465962,29857.91000000,0.00071000,21.19911610,1681692106810,False,True
409,3083465963,29858.00000000,0.00066000,19.70628000,1681692106810,False,True
410,3083465964,29858.17000000,0.00070000,20.90071900,1681692106810,False,True
411,3083465965,29858.28000000,0.00146000,43.59308880,1681692106810,False,True
412,3083465966,29858.30000000,0.00044000,13.13765200,1681692106810,False,True
413,3083465967,29858.30000000,0.00071000,21.19939300,1681692106810,False,True
414,3083465968,29858.69000000,0.00071000,21.19966990,1681692106816,False,True
415,3083465969,29858.73000000,0.00070000,20.90111100,1681692106816,False,True
416,3083465970,29858.90000000,0.00048000,14.33227200,1681692106816,False,True
417,3083465971,29858.90000000,0.00018000,5.37460200,1681692106824,False,True
418,3083465972,29859.08000000,0.00071000,21.19994680,1681692106824,False,True
419,3083465973,29859.17000000,0.00114000,34.03945380,1681692106824,False,True
420,3083465974,29859.17000000,0.00218000,65.09299060,1681692106843,False,True
421,3083465975,29859.29000000,0.00070000,20.90150300,1681692106856,False,True
422,3083465976,29859.80000000,0.00066000,19.70746800,1681692106886,False,True
423,3083465977,29859.81000000,0.01593000,475.66677330,1681692106886,False,True
424,3083465978,29859.85000000,0.00070000,20.90189500,1681692106893,False,True
425,3083465979,29859.91000000,0.00646000,192.89501860,1681692106901,False,True
426,3083465980,29860.00000000,0.01674000,499.85640000,1681692106912,False,True
427,3083465981,29860.00000000,0.00050000,14.93000000,1681692106912,False,True
428,3083465982,29860.00000000,0.00050000,14.93000000,1681692106912,False,True
429,3083465983,29859.99000000,0.10000000,2985.99900000,1681692106912,True,True
430,3083465984,29859.99000000,0.10032000,2995.55419680,1681692106912,True,True
431,3083465985,29860.16000000,0.00034000,10.15245440,1681692106925,False,True
432,3083465986,29860.33000000,0.00546000,163.03740180,1681692106935,False,True
433,3083465987,29860.41000000,0.00070000,20.90228700,1681692106938,False,True
434,3083465988,29860.70000000,0.00066000,19.70806200,1681692106938,False,True
435,3083465989,29860.83000000,0.00044000,13.13876520,1681692106938,False,True
436,3083465990,29860.83000000,0.00196000,58.52722680,1681692107009,False,True
437,3083465991,29860.83000000,0.00287000,85.70058210,1681692107058,False,True
438,3083465992,29860.85000000,0.00044000,13.13877400,1681692107058,False,True
439,3083465993,29860.97000000,0.00070000,20.90267900,1681692107058,False,True
440,3083465994,29861.60000000,0.00066000,19.70865600,1681692107058,False,True
441,3083465995,29861.66000000,0.00015000,4.47924900,1681692107058,False,True
442,3083465996,29861.66000000,0.00105000,31.35474300,1681692107068,False,True
443,3083465997,29861.68000000,0.00115000,34.34093200,1681692107083,False,True
444,3083465998,29862.23000000,0.00126000,37.62640980,1681692107141,False,True
445,3083465999,29862.22000000,0.12756000,3809.22478320,1681692107305,True,True
446,3083466000,29862.22000000,0.90000000,26875.99800000,1681692107316,True,True
447,3083466001,29862.23000000,0.00276000,82.41975480,1681692107319,False,True
448,3083466002,29862.23000000,0.00602000,179.77062460,1681692107334,False,True
449,3083466003,29862.23000000,0.00461000,137.66488030,1681692107388,False,True
450,3083466004,29862.22000000,0.00227000,67.78723940,1681692107444,True,True
451,3083466005,29862.23000000,0.00461000,137.66488030,1681692107450,False,True
452,3083466006,29862.23000000,0.01962000,585.89695260,1681692107484,False,True
453,3083466007,29862.23000000,0.00164000,48.97405720,1681692107491,False,True
454,3083466008,29862.22000000,1.00000000,29862.22000000,1681692107550,True,True
455,3083466009,29862.23000000,0.00114000,34.04294220,1681692107693,False,True
456,3083466010,29862.24000000,0.00343000,102.42748320,1681692107701,False,True
457,3083466011,29862.39000000,0.00034000,10.15321260,1681692107712,False,True
458,3083466012,29862.50000000,0.00066000,19.70925000,1681692107720,False,True
459,3083466013,29863.40000000,0.00066000,19.70984400,1681692107729,False,True
460,3083466014,29863.52000000,0.00034000,10.15359680,1681692107736,False,True
461,3083466015,29863.87000000,0.00174000,51.96313380,1681692107736,False,True
462,3083466016,29864.30000000,0.00066000,19.71043800,1681692107736,False,True
463,3083466017,29864.44000000,0.00657000,196.20937080,1681692107736,False,True
464,3083466018,29865.40000000,0.00200000,59.73080000,1681692107736,False,True
465,3083466019,29865.61000000,0.08926000,2665.80434860,1681692107736,False,True
466,3083466020,29866.79000000,0.01789000,534.31687310,1681692107736,False,True
467,3083466021,29866.81000000,0.05063000,1512.15659030,1681692107993,False,True
468,3083466022,29866.81000000,0.00546000,163.07278260,1681692107993,False,True
469,3083466023,29866.81000000,0.01594000,476.07695140,1681692107993,False,True
470,3083466024,29866.95000000,0.00114000,34.04832300,1681692107993,False,True
471,3083466025,29867.40000000,0.00187000,55.85203800,1681692107993,False,True
472,3083466026,29867.40000000,0.03306000,987.41624400,1681692107993,False,True
473,3083466027,29867.41000000,0.00235000,70.18841350,1681692107993,False,True
474,3083466028,29867.41000000,0.00081000,24.19260210,1681692107993,False,True
475,3083466029,29867.65000000,0.01535000,458.46842750,1681692107999,False,True
476,3083466030,29867.67000000,0.00035000,10.45368450,1681692108005,False,True
477,3083466031,29867.69000000,0.00035000,10.45369150,1681692108142,False,True
478,3083466032,29867.69000000,0.00085000,25.38753650,1681692108142,False,True
479,3083466033,29867.69000000,0.14997000,4479.25746930,1681692108215,False,True
480,3083466034,29867.68000000,0.00476000,142.17015680,1681692108258,True,True
481,3083466035,29867.68000000,0.16106000,4810.48854080,1681692108261,True,True
482,3083466036,29867.68000000,0.67804000,20251.48174720,1681692108322,True,True
483,3083466037,29867.68000000,0.20000000,5973.53600000,1681692108322,True,True
484,3083466038,29867.68000000,0.01666000,497.59554880,1681692108322,True,True
485,3083466039,29867.68000000,0.00352000,105.13423360,1681692108345,True,True
486,3083466040,29867.68000000,0.00606000,180.99814080,1681692108494,True,True
487,3083466041,29867.69000000,0.00558000,166.66171020,1681692108605,False,True
488,3083466042,29867.68000000,0.00383000,114.39321440,1681692108707,True,True
489,3083466043,29867.68000000,0.00817000,244.01894560,1681692108707,True,True
490,3083466044,29867.69000000,0.14999000,4479.85482310,1681692108728,False,True
491,3083466045,29867.68000000,0.00113000,33.75047840,1681692108868,True,True
492,3083466046,29867.68000000,0.00335000,100.05672800,1681692108881,True,True
493,3083466047,29867.68000000,0.00639000,190.85447520,1681692108881,True,True
494,3083466048,29867.69000000,0.02571000,767.89830990,1681692108956,False,True
495,3083466049,29867.68000000,0.00681000,203.39890080,1681692109072,True,True
496,3083466050,29867.68000000,0.00319000,95.27789920,1681692109072,True,True
497,3083466051,29867.69000000,0.00128000,38.23064320,1681692109078,False,True
498,3083466052,29867.69000000,0.00100000,29.86769000,1681692109125,False,True
499,3083466053,29867.69000000,0.14999000,4479.85482310,1681692109131,False,True
