,id,price,qty,quoteQty,time,isBuyerMaker,isBestMatch
0,3108398105,28534.63000000,0.00067000,19.11820210,1683386818806,False,True
1,3108398106,28534.63000000,0.01383000,394.63393290,1683386818806,False,True
2,3108398107,28534.71000000,0.00065000,18.54756150,1683386818907,False,True
3,3108398108,28534.73000000,0.00064000,18.26222720,1683386818907,False,True
4,3108398109,28534.91000000,0.02871000,819.23726610,1683386818907,False,True
5,3108398110,28534.92000000,0.00278000,79.32707760,1683386818994,False,True
6,3108398111,28534.92000000,0.00070000,19.97444400,1683386818995,False,True
7,3108398112,28534.92000000,0.10000000,2853.49200000,1683386819045,False,True
8,3108398113,28534.94000000,0.00036000,10.27257840,1683386819543,False,True
9,3108398114,28535.08000000,0.00064000,18.26245120,1683386819549,False,True
10,3108398115,28535.16000000,0.00067000,19.11855720,1683386819556,False,True
11,3108398116,28535.19000000,0.00261000,74.47684590,1683386819562,False,True
12,3108398117,28535.43000000,0.00064000,18.26267520,1683386819570,False,True
13,3108398118,28535.58000000,0.00065000,18.54812700,1683386819577,False,True
14,3108398119,28535.69000000,0.00067000,19.11891230,1683386819577,False,True
15,3108398120,28535.78000000,0.00064000,18.26289920,1683386819577,False,True
16,3108398121,28536.13000000,0.00064000,18.26312320,1683386819577,False,True
17,3108398122,28536.22000000,0.00067000,19.11926740,1683386819577,False,True
18,3108398123,28536.24000000,0.00655000,186.91237200,1683386819577,False,True
19,3108398124,28536.29000000,0.00036000,10.27306440,1683386819577,False,True
20,3108398125,28536.45000000,0.00065000,18.54869250,1683386819577,False,True
21,3108398126,28536.50000000,0.00045000,12.84142500,1683386819577,False,True
22,3108398127,28536.75000000,0.00067000,19.11962250,1683386819577,False,True
23,3108398128,28537.53000000,0.01170000,333.88910100,1683386819577,False,True
24,3108398129,28537.52000000,0.00485000,138.40697200,1683386819601,True,True
25,3108398130,28538.25000000,0.00360000,102.73770000,1683386819647,False,True
26,3108398131,28538.27000000,0.00037000,10.55915990,1683386819656,False,True
27,3108398132,28538.29000000,0.00037000,10.55916730,1683386819661,False,True
28,3108398133,28538.31000000,0.00037000,10.55917470,1683386819668,False,True
29,3108398134,28538.33000000,0.00037000,10.55918210,1683386819675,False,True
30,3108398135,28538.35000000,0.00037000,10.55918950,1683386819682,False,True
31,3108398136,28538.36000000,0.00929000,265.12136440,1683386819794,True,True
32,3108398137,28538.37000000,0.00037000,10.55919690,1683386819810,False,True
33,3108398138,28538.37000000,0.35040000,9999.84484800,1683386819810,False,True
34,3108398139,28538.37000000,0.10020000,2859.54467400,1683386819810,False,True
35,3108398140,28538.39000000,0.00036000,10.27382040,1683386819810,False,True
36,3108398141,28538.79000000,0.01434000,409.24624860,1683386819811,False,True
37,3108398142,28538.80000000,0.34045000,9716.03446000,1683386819811,False,True
38,3108398143,28538.81000000,0.08000000,2283.10480000,1683386819811,False,True
39,3108398144,28538.81000000,0.16000000,4566.20960000,1683386819811,False,True
40,3108398145,28538.81000000,0.00198000,56.50684380,1683386819811,False,True
41,3108398146,28538.99000000,0.00036000,10.27403640,1683386819835,False,True
42,3108398147,28539.01000000,0.00037000,10.55943370,1683386819841,False,True
43,3108398148,28539.02000000,0.00677000,193.20916540,1683386819850,False,True
44,3108398149,28539.03000000,0.00037000,10.55944110,1683386819853,False,True
45,3108398150,28539.04000000,0.00116000,33.10528640,1683386819853,False,True
46,3108398151,28539.04000000,0.00216000,61.64432640,1683386819958,False,True
47,3108398152,28539.04000000,0.00044000,12.55717760,1683386819977,False,True
48,3108398153,28539.03000000,0.00044000,12.55717320,1683386819977,True,True
49,3108398154,28539.03000000,0.00081000,23.11661430,1683386819977,True,True
50,3108398155,28539.04000000,0.00197000,56.22190880,1683386819983,False,True
51,3108398156,28539.03000000,0.00159000,45.37705770,1683386819983,True,True
52,3108398157,28539.03000000,0.00073000,20.83349190,1683386819984,True,True
53,3108398158,28539.03000000,0.00056000,15.98185680,1683386819985,True,True
54,3108398159,28539.04000000,0.00083000,23.68740320,1683386819985,False,True
55,3108398160,28539.04000000,0.00037000,10.55944480,1683386819985,False,True
56,3108398161,28539.05000000,0.00045000,12.84257250,1683386819985,False,True
57,3108398162,28539.32000000,0.00172000,49.08763040,1683386819985,False,True
58,3108398163,28539.31000000,0.00072000,20.54830320,1683386819987,True,True
59,3108398164,28539.32000000,0.00479000,136.70334280,1683386819989,False,True
60,3108398165,28539.99000000,0.00037000,10.55979630,1683386819990,False,True
61,3108398166,28540.00000000,0.00110000,31.39400000,1683386819990,False,True
62,3108398167,28539.99000000,0.00123000,35.10418770,1683386819993,True,True
63,3108398168,28539.99000000,0.00185000,52.79898150,1683386819994,True,True
64,3108398169,28539.99000000,0.00674000,192.35953260,1683386820004,True,True
65,3108398170,28539.99000000,0.00128000,36.53118720,1683386820005,True,True
66,3108398171,28540.00000000,0.00483000,137.84820000,1683386820005,False,True
67,3108398172,28539.99000000,0.00050000,14.26999500,1683386820005,True,True
68,3108398173,28540.00000000,0.00135000,38.52900000,1683386820006,False,True
69,3108398174,28539.99000000,0.00109000,31.10858910,1683386820008,True,True
70,3108398175,28540.00000000,0.00084000,23.97360000,1683386820008,False,True
71,3108398176,28540.00000000,0.00148000,42.23920000,1683386820008,False,True
72,3108398177,28540.00000000,0.00063000,17.98020000,1683386820008,False,True
73,3108398178,28540.00000000,0.00186000,53.08440000,1683386820008,False,True
74,3108398179,28539.99000000,0.00063000,17.98019370,1683386820011,True,True
75,3108398180,28539.99000000,0.00422000,120.43875780,1683386820012,True,True
76,3108398181,28540.00000000,0.00313000,89.33020000,1683386820013,False,True
77,3108398182,28539.99000000,0.00133000,37.95818670,1683386820014,True,True
78,3108398183,28540.00000000,0.00240000,68.49600000,1683386820015,False,True
79,3108398184,28539.99000000,0.00049000,13.98459510,1683386820024,True,True
80,3108398185,28539.99000000,0.00302000,86.19076980,1683386820027,True,True
81,3108398186,28540.00000000,0.00284000,81.05360000,1683386820028,False,True
82,3108398187,28539.99000000,0.00097000,27.68379030,1683386820028,True,True
83,3108398188,28540.00000000,0.10510000,2999.55400000,1683386820028,False,True
84,3108398189,28540.00000000,0.07008000,2000.08320000,1683386820028,False,True
85,3108398190,28540.85000000,0.22863000,6525.29453550,1683386820028,False,True
86,3108398191,28541.51000000,0.00190000,54.22886900,1683386820029,False,True
87,3108398192,28541.50000000,0.00290000,82.77035000,1683386820031,True,True
88,3108398193,28541.50000000,0.00158000,45.09557000,1683386820031,True,True
89,3108398194,28541.60000000,0.00045000,12.84372000,1683386820032,False,True
90,3108398195,28541.60000000,0.00073000,20.83536800,1683386820032,False,True
91,3108398196,28541.60000000,0.00043000,12.27288800,1683386820032,False,True
92,3108398197,28541.60000000,0.00054000,15.41246400,1683386820034,False,True
93,3108398198,28541.59000000,0.00128000,36.53323520,1683386820046,True,True
94,3108398199,28541.60000000,0.00048000,13.69996800,1683386820052,False,True
95,3108398200,28541.60000000,0.00044000,12.55830400,1683386820053,False,True
96,3108398201,28541.60000000,0.00074000,21.12078400,1683386820056,False,True
97,3108398202,28541.59000000,0.00056000,15.98329040,1683386820062,True,True
98,3108398203,28541.59000000,0.00115000,32.82282850,1683386820063,True,True
99,3108398204,28541.59000000,0.00055000,15.69787450,1683386820066,True,True
100,3108398205,28541.60000000,0.00051000,14.55621600,1683386820067,False,True
101,3108398206,28541.60000000,0.00068000,19.40828800,1683386820068,False,True
102,3108398207,28541.60000000,0.01827000,521.45503200,1683386820131,False,True
103,3108398208,28541.60000000,0.02851000,813.72101600,1683386820131,False,True
104,3108398209,28541.60000000,0.16000000,4566.65600000,1683386820131,False,True
105,3108398210,28541.60000000,0.07814000,2230.24062400,1683386820131,False,True
106,3108398211,28541.60000000,0.32000000,9133.31200000,1683386820131,False,True
107,3108398212,28541.71000000,0.00091000,25.97295610,1683386820131,False,True
108,3108398213,28542.38000000,0.08758000,2499.74164040,1683386820133,False,True
109,3108398214,28542.50000000,0.09733000,2778.04152500,1683386820133,False,True
110,3108398215,28542.81000000,0.04000000,1141.71240000,1683386820133,False,True
111,3108398216,28543.09000000,0.00036000,10.27551240,1683386820135,False,True
112,3108398217,28543.58000000,0.16497000,4708.83439260,1683386820135,False,True
113,3108398218,28544.10000000,0.12962000,3699.88624200,1683386820135,False,True
114,3108398219,28544.11000000,0.01063000,303.42388930,1683386820135,False,True
115,3108398220,28544.12000000,0.00338000,96.47912560,1683386820135,False,True
116,3108398221,28544.14000000,0.00700000,199.80898000,1683386820175,False,True
117,3108398222,28544.15000000,0.00045000,12.84486750,1683386820175,False,True
118,3108398223,28544.39000000,0.00036000,10.27598040,1683386820199,False,True
119,3108398224,28545.62000000,0.04000000,1141.82480000,1683386820199,False,True
120,3108398225,28546.08000000,0.04361000,1244.89454880,1683386820199,False,True
121,3108398226,28546.09000000,0.00282000,80.49997380,1683386820324,True,True
122,3108398227,28546.09000000,0.00687000,196.11163830,1683386820396,True,True
123,3108398228,28546.10000000,0.03153000,900.05853300,1683386820543,False,True
124,3108398229,28546.09000000,0.00909000,259.48395810,1683386820617,True,True
125,3108398230,28546.10000000,0.00052000,14.84397200,1683386820950,False,True
126,3108398231,28546.09000000,0.00370000,105.62053300,1683386820970,True,True
127,3108398232,28546.09000000,0.00115000,32.82800350,1683386820985,True,True
128,3108398233,28546.10000000,0.03000000,856.38300000,1683386821015,False,True
129,3108398234,28546.10000000,0.00178000,50.81205800,1683386821096,False,True
130,3108398235,28546.10000000,0.06161000,1758.72522100,1683386821101,False,True
131,3108398236,28546.10000000,0.07008000,2000.51068800,1683386821122,False,True
132,3108398237,28546.09000000,0.00422000,120.46449980,1683386821318,True,True
133,3108398238,28546.10000000,0.04541000,1296.27840100,1683386821446,False,True
134,3108398239,28546.10000000,0.68358000,19513.54303800,1683386821446,False,True
135,3108398240,28546.09000000,0.01239000,353.68605510,1683386821653,True,True
136,3108398241,28546.09000000,0.01226000,349.97506340,1683386822033,True,True
137,3108398242,28546.10000000,0.00645000,184.12234500,1683386822161,False,True
138,3108398243,28546.10000000,0.00671000,191.54433100,1683386822161,False,True
139,3108398244,28546.27000000,0.00307000,87.63704890,1683386822251,True,True
140,3108398245,28546.27000000,0.00077000,21.98062790,1683386822254,True,True
141,3108398246,28546.27000000,0.01211000,345.69532970,1683386822324,True,True
142,3108398247,28546.28000000,0.00644000,183.83804320,1683386822375,False,True
143,3108398248,28546.28000000,0.00385000,109.90317800,1683386822752,False,True
144,3108398249,28546.27000000,0.00390000,111.33045300,1683386822821,True,True
145,3108398250,28546.28000000,0.00827000,236.07773560,1683386823132,False,True
146,3108398251,28546.28000000,0.02173000,620.31066440,1683386823132,False,True
147,3108398252,28546.27000000,0.00150000,42.81940500,1683386823335,True,True
148,3108398253,28546.28000000,0.00280000,79.92958400,1683386823496,False,True
149,3108398254,28546.27000000,0.09434000,2693.05511180,1683386823959,True,True
150,3108398255,28546.28000000,0.00070000,19.98239600,1683386824159,False,True
151,3108398256,28546.27000000,0.00177000,50.52689790,1683386824628,True,True
152,3108398257,28546.28000000,0.00183000,52.23969240,1683386824885,False,True
153,3108398258,28546.28000000,0.03651000,1042.22468280,1683386824959,False,True
154,3108398259,28546.28000000,0.02231000,636.86750680,1683386825245,False,True
155,3108398260,28546.28000000,0.00769000,219.52089320,1683386825245,False,True
156,3108398261,28546.28000000,0.01230000,351.11924400,1683386825455,False,True
157,3108398262,28546.27000000,0.00347000,99.05555690,1683386825463,True,True
158,3108398263,28546.28000000,0.00400000,114.18512000,1683386825601,False,True
159,3108398264,28546.28000000,0.00400000,114.18512000,1683386825629,False,True
160,3108398265,28546.28000000,0.00400000,114.18512000,1683386825655,False,True
161,3108398266,28546.28000000,0.00400000,114.18512000,1683386825683,False,True
162,3108398267,28546.28000000,0.00400000,114.18512000,1683386825715,False,True
163,3108398268,28546.28000000,0.00268000,76.50403040,1683386825820,False,True
164,3108398269,28546.28000000,0.00350000,99.91198000,1683386826948,False,True
165,3108398270,28546.27000000,0.32000000,9134.80640000,1683386826993,True,True
166,3108398271,28546.27000000,0.07873000,2247.44783710,1683386826993,True,True
167,3108398272,28546.27000000,0.36879000,10527.57891330,1683386826993,True,True
168,3108398273,28546.27000000,0.20000000,5709.25400000,1683386826993,True,True
169,3108398274,28546.27000000,0.35027000,9998.90199290,1683386826993,True,True
170,3108398275,28546.27000000,0.09000000,2569.16430000,1683386826993,True,True
171,3108398276,28546.27000000,0.08000000,2283.70160000,1683386826993,True,True
172,3108398277,28546.27000000,0.06000000,1712.77620000,1683386826993,True,True
173,3108398278,28546.27000000,0.00038000,10.84758260,1683386826993,True,True
174,3108398279,28546.27000000,0.05183000,1479.55317410,1683386826993,True,True
175,3108398280,28546.27000000,0.02817000,804.14842590,1683386826993,True,True
176,3108398281,28546.27000000,0.14000000,3996.47780000,1683386826993,True,True
177,3108398282,28546.27000000,0.06809000,1943.71552430,1683386826993,True,True
178,3108398283,28546.27000000,0.10000000,2854.62700000,1683386826993,True,True
179,3108398284,28546.27000000,0.02574000,734.78098980,1683386826993,True,True
180,3108398285,28546.27000000,0.33966000,9696.02606820,1683386826994,True,True
181,3108398286,28546.27000000,0.08000000,2283.70160000,1683386826994,True,True
182,3108398287,28546.27000000,0.10000000,2854.62700000,1683386826994,True,True
183,3108398288,28546.27000000,0.00973000,277.75520710,1683386826994,True,True
184,3108398289,28546.27000000,0.01131000,322.85831370,1683386826994,True,True
185,3108398290,28546.27000000,0.09930000,2834.64461100,1683386826994,True,True
186,3108398291,28546.27000000,0.00800000,228.37016000,1683386827003,True,True
187,3108398292,28546.28000000,0.00436000,124.46178080,1683386827048,False,True
188,3108398293,28546.28000000,0.03000000,856.38840000,1683386827360,False,True
189,3108398294,28546.27000000,0.00440000,125.60358800,1683386827413,True,True
190,3108398295,28546.28000000,0.00699000,199.53849720,1683386827440,False,True
191,3108398296,28546.28000000,0.00176000,50.24145280,1683386827440,False,True
192,3108398297,28546.28000000,0.00064000,18.26961920,1683386827455,False,True
193,3108398298,28546.28000000,0.01167000,333.13508760,1683386827455,False,True
194,3108398299,28546.28000000,0.01167000,333.13508760,1683386827781,False,True
195,3108398300,28546.27000000,0.00088000,25.12071760,1683386828154,True,True
196,3108398301,28546.27000000,0.00703000,200.68027810,1683386828260,True,True
197,3108398302,28546.27000000,0.29797000,8505.93207190,1683386828260,True,True
198,3108398303,28546.27000000,0.00071000,20.26785170,1683386828500,True,True
199,3108398304,28546.27000000,0.10800000,3082.99716000,1683386828542,True,True
200,3108398305,28546.27000000,0.00071000,20.26785170,1683386828644,True,True
201,3108398306,28546.27000000,0.00071000,20.26785170,1683386828650,True,True
202,3108398307,28546.28000000,0.00200000,57.09256000,1683386828848,False,True
203,3108398308,28546.27000000,0.32000000,9134.80640000,1683386828854,True,True
204,3108398309,28546.28000000,0.00076000,21.69517280,1683386829079,False,True
205,3108398310,28546.27000000,0.12900000,3682.46883000,1683386829151,True,True
206,3108398311,28546.27000000,0.16000000,4567.40320000,1683386829263,True,True
207,3108398312,28546.27000000,0.00071000,20.26785170,1683386829450,True,True
208,3108398313,28546.28000000,0.03000000,856.38840000,1683386829488,False,True
209,3108398314,28546.28000000,0.01168000,333.42055040,1683386829777,False,True
210,3108398315,28546.28000000,0.00649000,185.26535720,1683386829882,False,True
211,3108398316,28546.27000000,0.00441000,125.88905070,1683386830016,True,True
212,3108398317,28546.27000000,0.05200000,1484.40604000,1683386830085,True,True
213,3108398318,28546.27000000,0.00137000,39.10838990,1683386830088,True,True
214,3108398319,28546.27000000,0.00378000,107.90490060,1683386830635,True,True
215,3108398320,28546.28000000,0.00241000,68.79653480,1683386830648,False,True
216,3108398321,28546.27000000,0.04566000,1303.42268820,1683386830692,True,True
217,3108398322,28546.28000000,0.01168000,333.42055040,1683386830777,False,True
218,3108398323,28546.27000000,0.00065000,18.55507550,1683386830802,True,True
219,3108398324,28546.27000000,0.00067000,19.12600090,1683386831002,True,True
220,3108398325,28546.28000000,0.00614000,175.27415920,1683386831003,False,True
221,3108398326,28546.28000000,0.01227000,350.26285560,1683386831040,False,True
222,3108398327,28546.27000000,0.00100000,28.54627000,1683386831080,True,True
223,3108398328,28546.27000000,0.01600000,456.74032000,1683386831100,True,True
224,3108398329,28546.27000000,0.00283000,80.78594410,1683386831282,True,True
225,3108398330,28546.27000000,0.00222000,63.37271940,1683386831282,True,True
226,3108398331,28546.27000000,0.00261000,74.50576470,1683386831296,True,True
227,3108398332,28546.27000000,0.00057000,16.27137390,1683386831296,True,True
228,3108398333,28546.27000000,0.00271000,77.36039170,1683386831296,True,True
229,3108398334,28546.27000000,0.00058000,16.55683660,1683386831296,True,True
230,3108398335,28546.27000000,0.00104000,29.68812080,1683386831296,True,True
231,3108398336,28546.26000000,0.02881000,822.41775060,1683386831296,True,True
232,3108398337,28546.26000000,0.01487000,424.48288620,1683386831296,True,True
233,3108398338,28546.10000000,0.00066000,18.84042600,1683386831296,True,True
234,3108398339,28546.09000000,0.00697000,198.96624730,1683386831296,True,True
235,3108398340,28546.09000000,0.00644000,183.83681960,1683386831296,True,True
236,3108398341,28545.97000000,0.04084000,1165.81741480,1683386831296,True,True
237,3108398342,28545.97000000,0.02964000,846.10255080,1683386831330,True,True
238,3108398343,28545.97000000,0.00160000,45.67355200,1683386831435,True,True
239,3108398344,28545.97000000,0.16000000,4567.35520000,1683386831527,True,True
240,3108398345,28545.93000000,0.00064000,18.26939520,1683386831582,True,True
241,3108398346,28545.78000000,0.03000000,856.37340000,1683386831630,False,True
242,3108398347,28545.77000000,0.00037000,10.56193490,1683386831632,True,True
243,3108398348,28545.77000000,0.00037000,10.56193490,1683386831632,True,True
244,3108398349,28545.76000000,0.00036000,10.27647360,1683386831632,True,True
245,3108398350,28545.58000000,0.00064000,18.26917120,1683386831632,True,True
246,3108398351,28545.57000000,0.06426000,1834.33832820,1683386831632,True,True
247,3108398352,28545.57000000,0.01400000,399.63798000,1683386831638,True,True
248,3108398353,28545.57000000,0.00137000,39.10743090,1683386831679,True,True
249,3108398354,28545.58000000,0.02971000,848.08918180,1683386831838,False,True
250,3108398355,28545.57000000,0.04757000,1357.91276490,1683386831857,True,True
251,3108398356,28545.58000000,0.03750000,1070.45925000,1683386831873,False,True
252,3108398357,28545.58000000,0.04000000,1141.82320000,1683386832029,False,True
253,3108398358,28545.57000000,0.00088000,25.12010160,1683386832128,True,True
254,3108398359,28545.58000000,0.03000000,856.36740000,1683386833750,False,True
255,3108398360,28545.58000000,0.00278000,79.35671240,1683386833902,False,True
256,3108398361,28545.58000000,0.00070000,19.98190600,1683386833905,False,True
257,3108398362,28545.58000000,0.00158000,45.10201640,1683386833963,False,True
258,3108398363,28545.57000000,0.02846000,812.40692220,1683386834011,True,True
259,3108398364,28545.57000000,0.05123000,1462.38955110,1683386834259,True,True
260,3108398365,28545.57000000,0.26877000,7672.19284890,1683386834259,True,True
261,3108398366,28545.57000000,0.04000000,1141.82280000,1683386834259,True,True
262,3108398367,28545.57000000,0.11400000,3254.19498000,1683386834259,True,True
263,3108398368,28545.58000000,0.58500000,16699.16430000,1683386834683,False,True
264,3108398369,28545.58000000,0.90661000,25879.70828380,1683386834683,False,True
265,3108398370,28545.58000000,0.50839000,14512.28741620,1683386834683,False,True
266,3108398371,28545.58000000,0.00278000,79.35671240,1683386834942,False,True
267,3108398372,28545.58000000,0.00070000,19.98190600,1683386834944,False,True
268,3108398373,28545.57000000,0.16000000,4567.29120000,1683386835260,True,True
269,3108398374,28545.57000000,0.16000000,4567.29120000,1683386835260,True,True
270,3108398375,28545.57000000,0.03294000,940.29107580,1683386835260,True,True
271,3108398376,28545.57000000,0.00636000,181.54982520,1683386835260,True,True
272,3108398377,28545.57000000,0.00639000,182.40619230,1683386835260,True,True
273,3108398378,28545.57000000,0.00150000,42.81835500,1683386835260,True,True
274,3108398379,28545.57000000,0.00114000,32.54194980,1683386835260,True,True
275,3108398380,28545.57000000,0.00525000,149.86424250,1683386835260,True,True
276,3108398381,28545.57000000,0.04396000,1254.86325720,1683386835260,True,True
277,3108398382,28545.57000000,0.03554000,1014.50955780,1683386835260,True,True
278,3108398383,28545.57000000,0.00079000,22.55100030,1683386835260,True,True
279,3108398384,28545.52000000,0.02613000,745.89443760,1683386835260,True,True
280,3108398385,28545.52000000,0.01752000,500.11751040,1683386835268,True,True
281,3108398386,28545.52000000,0.00676000,192.96771520,1683386835270,True,True
282,3108398387,28545.52000000,0.00689000,196.67863280,1683386835270,True,True
283,3108398388,28545.31000000,0.00278000,79.35596180,1683386835667,False,True
284,3108398389,28545.31000000,0.00070000,19.98171700,1683386835669,False,True
285,3108398390,28545.30000000,0.00037000,10.56176100,1683386835792,True,True
286,3108398391,28545.30000000,0.00037000,10.56176100,1683386835792,True,True
287,3108398392,28545.30000000,0.00111000,31.68528300,1683386835792,True,True
288,3108398393,28545.31000000,0.03000000,856.35930000,1683386835956,False,True
289,3108398394,28545.31000000,0.00278000,79.35596180,1683386835967,False,True
290,3108398395,28545.31000000,0.00070000,19.98171700,1683386835969,False,True
291,3108398396,28545.31000000,0.00278000,79.35596180,1683386836248,False,True
292,3108398397,28545.31000000,0.00070000,19.98171700,1683386836250,False,True
293,3108398398,28545.31000000,0.00278000,79.35596180,1683386836530,False,True
294,3108398399,28545.31000000,0.00070000,19.98171700,1683386836531,False,True
295,3108398400,28545.31000000,0.00278000,79.35596180,1683386836820,False,True
296,3108398401,28545.31000000,0.00070000,19.98171700,1683386836822,False,True
297,3108398402,28545.31000000,0.21018000,5999.65325580,1683386837035,False,True
298,3108398403,28545.30000000,0.00170000,48.52701000,1683386837110,True,True
299,3108398404,28545.30000000,0.00374000,106.75942200,1683386837334,True,True
300,3108398405,28545.30000000,0.00044000,12.55993200,1683386837334,True,True
301,3108398406,28545.30000000,0.00549000,156.71369700,1683386837334,True,True
302,3108398407,28545.30000000,0.68091000,19436.78022300,1683386837525,True,True
303,3108398408,28545.30000000,0.32000000,9134.49600000,1683386837661,True,True
304,3108398409,28545.30000000,0.15805000,4511.58466500,1683386837661,True,True
305,3108398410,28545.30000000,0.00671000,191.53896300,1683386837661,True,True
306,3108398411,28545.30000000,0.00280000,79.92684000,1683386837661,True,True
307,3108398412,28545.30000000,0.25522000,7285.33146600,1683386837661,True,True
308,3108398413,28545.30000000,0.00640000,182.68992000,1683386837661,True,True
309,3108398414,28545.26000000,0.00175000,49.95420500,1683386837661,True,True
310,3108398415,28545.26000000,0.00088000,25.11982880,1683386837661,True,True
311,3108398416,28545.23000000,0.00064000,18.26894720,1683386837661,True,True
312,3108398417,28545.18000000,0.04755000,1357.32330900,1683386837661,True,True
313,3108398418,28545.18000000,0.15110000,4313.17669800,1683386837661,True,True
314,3108398419,28545.16000000,0.01782000,508.67475120,1683386837661,True,True
315,3108398420,28544.88000000,0.00064000,18.26872320,1683386837661,True,True
316,3108398421,28544.66000000,0.00673000,192.10556180,1683386837661,True,True
317,3108398422,28544.61000000,0.14371000,4102.14590310,1683386837661,True,True
318,3108398423,28544.61000000,0.00074000,21.12301140,1683386837662,True,True
319,3108398424,28544.60000000,0.23925000,6829.29555000,1683386837662,True,True
320,3108398425,28544.53000000,0.00064000,18.26849920,1683386837662,True,True
321,3108398426,28544.41000000,0.00036000,10.27598760,1683386837662,True,True
322,3108398427,28544.41000000,0.00036000,10.27598760,1683386837662,True,True
323,3108398428,28544.18000000,0.00064000,18.26827520,1683386837662,True,True
324,3108398429,28543.84000000,0.07801000,2226.70495840,1683386837662,True,True
325,3108398430,28543.85000000,0.00187000,53.37699950,1683386837783,False,True
326,3108398431,28543.85000000,0.03503000,999.89106550,1683386837945,False,True
327,3108398432,28543.85000000,0.03000000,856.31550000,1683386838086,False,True
328,3108398433,28543.84000000,0.00049000,13.98648160,1683386838803,True,True
329,3108398434,28543.84000000,0.00135000,38.53418400,1683386838814,True,True
330,3108398435,28543.85000000,0.00328000,93.62382800,1683386839091,False,True
331,3108398436,28543.85000000,0.05355000,1528.52316750,1683386839482,False,True
332,3108398437,28543.85000000,0.13065000,3729.25400250,1683386840150,False,True
333,3108398438,28543.85000000,0.00348000,99.33259800,1683386840176,False,True
334,3108398439,28543.85000000,0.03000000,856.31550000,1683386840226,False,True
335,3108398440,28543.84000000,0.00611000,174.40286240,1683386841153,True,True
336,3108398441,28543.84000000,0.00212000,60.51294080,1683386841153,True,True
337,3108398442,28543.84000000,0.00094000,26.83120960,1683386841607,True,True
338,3108398443,28543.84000000,0.00379000,108.18115360,1683386841928,True,True
339,3108398444,28543.84000000,0.00645000,184.10776800,1683386841928,True,True
340,3108398445,28543.84000000,0.00637000,181.82426080,1683386841928,True,True
341,3108398446,28543.85000000,0.06505000,1856.77744250,1683386842060,False,True
342,3108398447,28543.85000000,0.00351000,100.18891350,1683386842149,False,True
343,3108398448,28543.85000000,0.00518000,147.85714300,1683386842178,False,True
344,3108398449,28543.84000000,0.00071000,20.26612640,1683386842287,True,True
345,3108398450,28543.85000000,0.03000000,856.31550000,1683386842340,False,True
346,3108398451,28543.85000000,0.10525000,3004.24021250,1683386842594,False,True
347,3108398452,28543.85000000,0.00741000,211.50992850,1683386842965,False,True
348,3108398453,28543.85000000,0.00038000,10.84666300,1683386843030,False,True
349,3108398454,28543.85000000,0.00115000,32.82542750,1683386843078,False,True
350,3108398455,28543.84000000,0.00822000,234.63036480,1683386843152,True,True
351,3108398456,28543.84000000,0.00652000,186.10583680,1683386844152,True,True
352,3108398457,28543.84000000,0.00170000,48.52452800,1683386844152,True,True
353,3108398458,28543.85000000,0.00320000,91.34032000,1683386844155,False,True
354,3108398459,28543.85000000,0.01968000,561.74296800,1683386844357,False,True
355,3108398460,28543.85000000,0.03000000,856.31550000,1683386844447,False,True
356,3108398461,28543.84000000,0.00511000,145.85902240,1683386845111,True,True
357,3108398462,28543.85000000,0.16860000,4812.49311000,1683386845661,False,True
358,3108398463,28543.85000000,0.20000000,5708.77000000,1683386845661,False,True
359,3108398464,28543.85000000,0.06762000,1930.13513700,1683386845661,False,True
360,3108398465,28543.85000000,0.13238000,3778.63486300,1683386845679,False,True
361,3108398466,28543.85000000,0.20000000,5708.77000000,1683386845679,False,True
362,3108398467,28543.85000000,0.35038000,10001.19416300,1683386845679,False,True
363,3108398468,28543.85000000,0.55030000,15707.68065500,1683386845679,False,True
364,3108398469,28543.85000000,0.04300000,1227.38555000,1683386845679,False,True
365,3108398470,28543.85000000,0.00579000,165.26889150,1683386845679,False,True
366,3108398471,28543.85000000,0.00538000,153.56591300,1683386845725,False,True
367,3108398472,28543.85000000,0.12883000,3677.30419550,1683386845731,False,True
368,3108398473,28543.85000000,0.10000000,2854.38500000,1683386845731,False,True
369,3108398474,28543.85000000,0.10000000,2854.38500000,1683386845731,False,True
370,3108398475,28543.85000000,0.07000000,1998.06950000,1683386845731,False,True
371,3108398476,28543.85000000,0.07000000,1998.06950000,1683386845731,False,True
372,3108398477,28543.85000000,0.07000000,1998.06950000,1683386845731,False,True
373,3108398478,28543.85000000,0.05700000,1626.99945000,1683386845731,False,True
374,3108398479,28543.85000000,0.00240000,68.50524000,1683386845731,False,True
375,3108398480,28544.39000000,0.00036000,10.27598040,1683386845731,False,True
376,3108398481,28544.39000000,0.00036000,10.27598040,1683386845731,False,True
377,3108398482,28544.41000000,0.10000000,2854.44100000,1683386845731,False,True
378,3108398483,28544.53000000,0.00064000,18.26849920,1683386845731,False,True
379,3108398484,28544.57000000,0.14013000,3999.95059410,1683386845731,False,True
380,3108398485,28544.84000000,0.10000000,2854.48400000,1683386845731,False,True
381,3108398486,28544.88000000,0.00064000,18.26872320,1683386845731,False,True
382,3108398487,28545.23000000,0.00064000,18.26894720,1683386845734,False,True
383,3108398488,28545.31000000,0.00350000,99.90858500,1683386845734,False,True
384,3108398489,28545.52000000,0.00354000,101.05114080,1683386845734,False,True
385,3108398490,28545.58000000,0.00338000,96.48406040,1683386845734,False,True
386,3108398491,28545.58000000,0.00064000,18.26917120,1683386845734,False,True
387,3108398492,28545.63000000,0.36442000,10402.59848460,1683386845734,False,True
388,3108398493,28545.74000000,0.00036000,10.27646640,1683386845734,False,True
389,3108398494,28545.93000000,0.00064000,18.26939520,1683386845798,False,True
390,3108398495,28545.95000000,0.00037000,10.56200150,1683386845802,False,True
391,3108398496,28545.95000000,0.00037000,10.56200150,1683386845802,False,True
392,3108398497,28545.97000000,0.00037000,10.56200890,1683386845808,False,True
393,3108398498,28545.97000000,0.00037000,10.56200890,1683386845809,False,True
394,3108398499,28545.99000000,0.00037000,10.56201630,1683386845817,False,True
395,3108398500,28545.99000000,0.00037000,10.56201630,1683386845817,False,True
396,3108398501,28545.99000000,0.00037000,10.56201630,1683386845817,False,True
397,3108398502,28546.00000000,0.00042000,11.98932000,1683386845820,False,True
398,3108398503,28546.02000000,0.00037000,10.56202740,1683386845826,False,True
399,3108398504,28546.02000000,0.00037000,10.56202740,1683386845826,False,True
400,3108398505,28546.04000000,0.00037000,10.56203480,1683386845834,False,True
401,3108398506,28546.04000000,0.00037000,10.56203480,1683386845834,False,True
402,3108398507,28546.04000000,0.00037000,10.56203480,1683386845835,False,True
403,3108398508,28546.27000000,0.00037000,10.56211990,1683386846045,False,True
404,3108398509,28546.27000000,0.00037000,10.56211990,1683386846045,False,True
405,3108398510,28546.27000000,0.00037000,10.56211990,1683386846045,False,True
406,3108398511,28546.27000000,0.00425000,121.32164750,1683386846045,False,True
407,3108398512,28546.26000000,0.01800000,513.83268000,1683386846051,True,True
408,3108398513,28546.27000000,0.03000000,856.38810000,1683386846579,False,True
409,3108398514,28546.27000000,0.05180000,1478.69678600,1683386846964,False,True
410,3108398515,28546.26000000,0.33253000,9492.48783780,1683386847176,True,True
411,3108398516,28546.26000000,0.16752000,4782.06947520,1683386847176,True,True
412,3108398517,28546.27000000,0.00700000,199.82389000,1683386847264,False,True
413,3108398518,28546.27000000,0.00071000,20.26785170,1683386848121,False,True
414,3108398519,28546.27000000,0.28275000,8071.45784250,1683386848171,False,True
415,3108398520,28546.27000000,0.00638000,182.12520260,1683386848171,False,True
416,3108398521,28546.27000000,0.00665000,189.83269550,1683386848171,False,True
417,3108398522,28546.27000000,0.03592000,1025.38201840,1683386848171,False,True
418,3108398523,28546.27000000,0.00091000,25.97710570,1683386848190,False,True
419,3108398524,28546.27000000,0.00278000,79.35863060,1683386848192,False,True
420,3108398525,28546.27000000,0.00070000,19.98238900,1683386848193,False,True
421,3108398526,28546.27000000,0.03000000,856.38810000,1683386848710,False,True
422,3108398527,28546.27000000,0.00176000,50.24143520,1683386848989,False,True
423,3108398528,28546.27000000,0.00174000,49.67050980,1683386849002,False,True
424,3108398529,28546.27000000,0.00526000,150.15338020,1683386849197,False,True
425,3108398530,28546.27000000,0.00213000,60.80355510,1683386849453,False,True
426,3108398531,28546.26000000,0.00241000,68.79648660,1683386849527,True,True
427,3108398532,28546.27000000,0.03493000,997.12121110,1683386849690,False,True
428,3108398533,28546.26000000,0.00210000,59.94714600,1683386850006,True,True
429,3108398534,28546.27000000,0.01000000,285.46270000,1683386850428,False,True
430,3108398535,28546.27000000,0.03000000,856.38810000,1683386850846,False,True
431,3108398536,28546.26000000,0.00126000,35.96828760,1683386851095,True,True
432,3108398537,28546.26000000,0.00039000,11.13304140,1683386852215,True,True
433,3108398538,28546.27000000,0.02906000,829.55460620,1683386852267,False,True
434,3108398539,28546.27000000,0.02535000,723.64794450,1683386852339,False,True
435,3108398540,28546.27000000,0.05743000,1639.41228610,1683386852339,False,True
436,3108398541,28546.27000000,0.00175000,49.95597250,1683386852411,False,True
437,3108398542,28546.26000000,0.00063000,17.98414380,1683386852901,True,True
438,3108398543,28546.27000000,0.03000000,856.38810000,1683386852964,False,True
439,3108398544,28546.26000000,0.00102000,29.11718520,1683386853285,True,True
440,3108398545,28546.26000000,0.00133000,37.96652580,1683386853654,True,True
441,3108398546,28546.27000000,0.02000000,570.92540000,1683386854059,False,True
442,3108398547,28546.26000000,0.00104000,29.68811040,1683386854210,True,True
443,3108398548,28546.27000000,0.00547000,156.14809690,1683386854691,False,True
444,3108398549,28546.27000000,0.00035000,9.99119450,1683386854745,False,True
445,3108398550,28546.27000000,0.00232000,66.22734640,1683386854780,False,True
446,3108398551,28546.27000000,0.03000000,856.38810000,1683386855086,False,True
447,3108398552,28546.26000000,0.00177000,50.52688020,1683386855223,True,True
448,3108398553,28546.27000000,0.00175000,49.95597250,1683386855360,False,True
449,3108398554,28546.27000000,0.00171000,48.81412170,1683386855470,False,True
450,3108398555,28546.27000000,0.10008000,2856.91070160,1683386855495,False,True
451,3108398556,28546.27000000,0.00350000,99.91194500,1683386855630,False,True
452,3108398557,28546.27000000,0.02791000,796.72639570,1683386855758,False,True
453,3108398558,28546.27000000,0.00176000,50.24143520,1683386855996,False,True
454,3108398559,28546.26000000,0.17106000,4883.12323560,1683386856272,True,True
455,3108398560,28546.26000000,0.01051000,300.02119260,1683386856272,True,True
456,3108398561,28546.26000000,0.30000000,8563.87800000,1683386856272,True,True
457,3108398562,28546.26000000,0.00370000,105.62116200,1683386856272,True,True
458,3108398563,28546.26000000,0.07714000,2202.05849640,1683386856272,True,True
459,3108398564,28546.26000000,0.01050000,299.73573000,1683386856272,True,True
460,3108398565,28546.26000000,0.07888000,2251.72898880,1683386856272,True,True
461,3108398566,28546.27000000,0.00035000,9.99119450,1683386856903,False,True
462,3108398567,28546.26000000,0.03323000,948.59221980,1683386856972,True,True
463,3108398568,28546.27000000,0.00704000,200.96574080,1683386857208,False,True
464,3108398569,28546.27000000,0.00667000,190.40362090,1683386857208,False,True
465,3108398570,28546.27000000,0.00677000,193.25824790,1683386857208,False,True
466,3108398571,28546.27000000,0.00105000,29.97358350,1683386857208,False,True
467,3108398572,28546.27000000,0.00220000,62.80179400,1683386857208,False,True
468,3108398573,28546.27000000,0.00627000,178.98511290,1683386857208,False,True
469,3108398574,28546.27000000,0.34403000,9820.77326810,1683386857452,False,True
470,3108398575,28546.27000000,0.00240000,68.51104800,1683386857452,False,True
471,3108398576,28546.27000000,0.03781000,1079.33446870,1683386857452,False,True
472,3108398577,28546.26000000,0.01017000,290.31546420,1683386857464,True,True
473,3108398578,28546.26000000,0.00370000,105.62116200,1683386858132,True,True
474,3108398579,28546.26000000,0.02597000,741.34637220,1683386858595,True,True
475,3108398580,28546.27000000,0.00050000,14.27313500,1683386858732,False,True
476,3108398581,28546.26000000,0.00330000,94.20265800,1683386859232,True,True
477,3108398582,28546.27000000,0.01283000,366.24864410,1683386859406,False,True
478,3108398583,28546.27000000,0.00128000,36.53922560,1683386859406,False,True
479,3108398584,28546.27000000,0.00700000,199.82389000,1683386859406,False,True
480,3108398585,28546.27000000,0.00700000,199.82389000,1683386859406,False,True
481,3108398586,28546.27000000,0.00189000,53.95245030,1683386859406,False,True
482,3108398587,28546.27000000,0.00511000,145.87143970,1683386859895,False,True
483,3108398588,28546.27000000,0.01599000,456.45485730,1683386859895,False,True
484,3108398589,28546.27000000,0.01680000,479.57733600,1683386860268,False,True
485,3108398590,28546.26000000,0.00201000,57.37798260,1683386860955,True,True
486,3108398591,28546.27000000,0.00209000,59.66170430,1683386860965,False,True
487,3108398592,28546.27000000,0.06512000,1858.93310240,1683386861205,False,True
488,3108398593,28546.27000000,0.11114000,3172.63244780,1683386861205,False,True
489,3108398594,28546.27000000,0.03000000,856.38810000,1683386861541,False,True
490,3108398595,28546.26000000,0.00329000,93.91719540,1683386861601,True,True
491,3108398596,28546.27000000,0.20000000,5709.25400000,1683386861936,False,True
492,3108398597,28546.27000000,0.01402000,400.21870540,1683386862086,False,True
493,3108398598,28546.26000000,0.00270000,77.07490200,1683386862402,True,True
494,3108398599,28546.27000000,0.00500000,142.73135000,1683386862503,False,True
495,3108398600,28546.26000000,0.00271000,77.36036460,1683386862572,True,True
496,3108398601,28546.26000000,0.00177000,50.52688020,1683386862572,True,True
497,3108398602,28546.27000000,0.00316000,90.20621320,1683386862762,False,True
498,3108398603,28546.26000000,0.00176000,50.24141760,1683386862877,True,True
499,3108398604,28546.26000000,0.00349000,99.62644740,1683386862877,True,True
