,id,price,qty,quoteQty,time,isBuyerMaker,isBestMatch
0,3106189264,28823.40000000,0.00088000,25.36459200,1683237862278,True,True
1,3106189265,28823.40000000,0.00240000,69.17616000,1683237862469,True,True
2,3106189266,28823.40000000,0.36643000,10561.75846200,1683237862678,True,True
3,3106189267,28823.40000000,0.54640000,15749.10576000,1683237862678,True,True
4,3106189268,28823.40000000,0.00499000,143.82876600,1683237862736,True,True
5,3106189269,28823.13000000,0.00064000,18.44680320,1683237862743,True,True
6,3106189270,28823.04000000,0.00069000,19.88789760,1683237862824,True,True
7,3106189271,28823.04000000,0.00638000,183.89099520,1683237862824,True,True
8,3106189272,28823.04000000,0.00665000,191.67321600,1683237862824,True,True
9,3106189273,28823.02000000,0.00065000,18.73496300,1683237862828,True,True
10,3106189274,28823.02000000,0.00065000,18.73496300,1683237862831,True,True
11,3106189275,28823.02000000,0.00602000,173.51458040,1683237862839,True,True
12,3106189276,28822.78000000,0.00064000,18.44657920,1683237862848,True,True
13,3106189277,28822.73000000,0.00240000,69.17455200,1683237862858,True,True
14,3106189278,28822.69000000,0.00388000,111.83203720,1683237862860,True,True
15,3106189279,28822.51000000,0.00035000,10.08787850,1683237862860,True,True
16,3106189280,28822.49000000,0.00069000,19.88751810,1683237862860,True,True
17,3106189281,28822.14000000,0.00065000,18.73439100,1683237862860,True,True
18,3106189282,28822.11000000,0.00045000,12.96994950,1683237862860,True,True
19,3106189283,28822.11000000,0.00214000,61.67931540,1683237862949,True,True
20,3106189284,28821.94000000,0.00069000,19.88713860,1683237862949,True,True
21,3106189285,28821.72000000,0.00606000,174.65962320,1683237862949,True,True
22,3106189286,28821.60000000,0.00665000,191.66364000,1683237862949,True,True
23,3106189287,28821.39000000,0.00069000,19.88675910,1683237862949,True,True
24,3106189288,28821.26000000,0.00065000,18.73381900,1683237862949,True,True
25,3106189289,28821.16000000,0.00036000,10.37561760,1683237862949,True,True
26,3106189290,28821.13000000,0.00499000,143.81743870,1683237862954,True,True
27,3106189291,28821.13000000,0.00656000,189.06661280,1683237862960,True,True
28,3106189292,28821.13000000,0.00671000,193.38978230,1683237862960,True,True
29,3106189293,28821.12000000,0.00174000,50.14874880,1683237862965,True,True
30,3106189294,28821.12000000,0.00649000,187.04906880,1683237863029,True,True
31,3106189295,28821.12000000,0.00656000,189.06654720,1683237863029,True,True
32,3106189296,28820.89000000,0.00191000,55.04789990,1683237863254,True,True
33,3106189297,28820.89000000,0.01506000,434.04260340,1683237863433,True,True
34,3106189298,28820.89000000,0.00178000,51.30118420,1683237863924,True,True
35,3106189299,28820.89000000,0.00416000,119.89490240,1683237864277,True,True
36,3106189300,28820.89000000,0.01506000,434.04260340,1683237864433,True,True
37,3106189301,28820.89000000,0.00767000,221.05622630,1683237864649,True,True
38,3106189302,28820.90000000,0.09075000,2615.49667500,1683237864709,False,True
39,3106189303,28820.90000000,0.12783000,3684.17564700,1683237864709,False,True
40,3106189304,28820.89000000,0.00208000,59.94745120,1683237864801,True,True
41,3106189305,28820.89000000,0.00155000,44.67237950,1683237865072,True,True
42,3106189306,28820.89000000,0.00079000,22.76850310,1683237865295,True,True
43,3106189307,28820.89000000,0.00190000,54.75969100,1683237865317,True,True
44,3106189308,28820.89000000,0.00313000,90.20938570,1683237865826,True,True
45,3106189309,28820.89000000,0.00139000,40.06103710,1683237865883,True,True
46,3106189310,28820.89000000,0.03367000,970.39936630,1683237865940,True,True
47,3106189311,28820.89000000,0.00259000,74.64610510,1683237866110,True,True
48,3106189312,28820.89000000,0.00129000,37.17894810,1683237866137,True,True
49,3106189313,28820.89000000,0.01076000,310.11277640,1683237866206,True,True
50,3106189314,28820.89000000,0.00068000,19.59820520,1683237866212,True,True
51,3106189315,28820.89000000,0.00295000,85.02162550,1683237866237,True,True
52,3106189316,28820.89000000,0.00559000,161.10877510,1683237866265,True,True
53,3106189317,28820.89000000,0.01888000,544.13840320,1683237866399,True,True
54,3106189318,28820.89000000,0.00139000,40.06103710,1683237866560,True,True
55,3106189319,28820.89000000,0.00207000,59.65924230,1683237866601,True,True
56,3106189320,28820.89000000,0.00164000,47.26625960,1683237866626,True,True
57,3106189321,28820.90000000,0.01156000,333.16960400,1683237866677,False,True
58,3106189322,28820.89000000,0.00104000,29.97372560,1683237866677,True,True
59,3106189323,28820.89000000,0.06725000,1938.20485250,1683237866731,True,True
60,3106189324,28820.89000000,0.00187000,53.89506430,1683237866736,True,True
61,3106189325,28820.89000000,0.00104000,29.97372560,1683237866800,True,True
62,3106189326,28820.89000000,0.00208000,59.94745120,1683237866925,True,True
63,3106189327,28820.89000000,0.00070000,20.17462300,1683237866953,True,True
64,3106189328,28820.89000000,0.00190000,54.75969100,1683237867032,True,True
65,3106189329,28820.89000000,0.00499000,143.81624110,1683237867052,True,True
66,3106189330,28820.89000000,0.01913000,551.34362570,1683237867201,True,True
67,3106189331,28820.89000000,0.00104000,29.97372560,1683237867228,True,True
68,3106189332,28820.89000000,0.00271000,78.10461190,1683237867393,True,True
69,3106189333,28820.89000000,0.03968000,1143.61291520,1683237867416,True,True
70,3106189334,28820.89000000,0.01733000,499.46602370,1683237867468,True,True
71,3106189335,28820.89000000,0.05930000,1709.07877700,1683237867469,True,True
72,3106189336,28820.89000000,0.00639000,184.16548710,1683237867469,True,True
73,3106189337,28820.89000000,0.00679000,195.69384310,1683237867469,True,True
74,3106189338,28820.89000000,0.00660000,190.21787400,1683237867469,True,True
75,3106189339,28820.89000000,0.01156000,333.16948840,1683237867469,True,True
76,3106189340,28820.88000000,0.01203000,346.71518640,1683237867520,True,True
77,3106189341,28820.88000000,0.00633000,182.43617040,1683237867520,True,True
78,3106189342,28820.88000000,0.00641000,184.74184080,1683237867520,True,True
79,3106189343,28820.87000000,0.01156000,333.16925720,1683237867520,True,True
80,3106189344,28820.84000000,0.00069000,19.88637960,1683237867520,True,True
81,3106189345,28820.68000000,0.00384000,110.67141120,1683237867520,True,True
82,3106189346,28820.41000000,0.00035000,10.08714350,1683237867520,True,True
83,3106189347,28820.38000000,0.00065000,18.73324700,1683237867520,True,True
84,3106189348,28820.33000000,0.00064000,18.44501120,1683237867520,True,True
85,3106189349,28819.98000000,0.00064000,18.44478720,1683237867528,True,True
86,3106189350,28819.81000000,0.00035000,10.08693350,1683237867535,True,True
87,3106189351,28819.81000000,0.00128000,36.88935680,1683237867535,True,True
88,3106189352,28819.81000000,0.00035000,10.08693350,1683237867535,True,True
89,3106189353,28819.69000000,0.00683000,196.83848270,1683237867540,True,True
90,3106189354,28819.63000000,0.07094000,2044.46455220,1683237867594,True,True
91,3106189355,28819.63000000,0.00683000,196.83807290,1683237867598,True,True
92,3106189356,28819.63000000,0.00064000,18.44456320,1683237867614,True,True
93,3106189357,28819.61000000,0.00887000,255.62994070,1683237867620,True,True
94,3106189358,28819.60000000,0.02322000,669.19111200,1683237867632,True,True
95,3106189359,28819.60000000,0.07678000,2212.76888800,1683237867636,True,True
96,3106189360,28819.59000000,0.15696000,4523.52284640,1683237867636,True,True
97,3106189361,28819.55000000,0.00090000,25.93759500,1683237867636,True,True
98,3106189362,28819.53000000,0.00174000,50.14598220,1683237867636,True,True
99,3106189363,28819.50000000,0.00065000,18.73267500,1683237867636,True,True
100,3106189364,28819.28000000,0.00064000,18.44433920,1683237867636,True,True
101,3106189365,28818.93000000,0.00064000,18.44411520,1683237867640,True,True
102,3106189366,28818.84000000,0.00128000,36.88811520,1683237867640,True,True
103,3106189367,28818.62000000,0.00065000,18.73210300,1683237867640,True,True
104,3106189368,28818.58000000,0.00064000,18.44389120,1683237867640,True,True
105,3106189369,28818.46000000,0.00036000,10.37464560,1683237867640,True,True
106,3106189370,28818.41000000,0.32861000,9470.01771010,1683237867640,True,True
107,3106189371,28818.41000000,0.08756000,2523.33997960,1683237867640,True,True
108,3106189372,28818.41000000,0.30912000,8908.34689920,1683237867640,True,True
109,3106189373,28818.23000000,0.00064000,18.44366720,1683237867647,True,True
110,3106189374,28817.93000000,0.21836000,6292.68319480,1683237867647,True,True
111,3106189375,28817.93000000,0.00463000,133.42701590,1683237867648,True,True
112,3106189376,28817.93000000,0.00499000,143.80147070,1683237867654,True,True
113,3106189377,28817.92000000,0.43368000,12497.75554560,1683237867662,True,True
114,3106189378,28817.92000000,0.00499000,143.80142080,1683237867662,True,True
115,3106189379,28817.88000000,0.00064000,18.44344320,1683237867662,True,True
116,3106189380,28817.74000000,0.00065000,18.73153100,1683237867662,True,True
117,3106189381,28817.53000000,0.00064000,18.44321920,1683237867675,True,True
118,3106189382,28817.18000000,0.00064000,18.44299520,1683237867684,True,True
119,3106189383,28817.11000000,0.00035000,10.08598850,1683237867689,True,True
120,3106189384,28817.07000000,0.15000000,4322.56050000,1683237867690,False,True
121,3106189385,28817.00000000,0.00045000,12.96765000,1683237867696,True,True
122,3106189386,28816.86000000,0.00065000,18.73095900,1683237867704,True,True
123,3106189387,28815.98000000,0.00065000,18.73038700,1683237867709,True,True
124,3106189388,28815.71000000,0.00035000,10.08549850,1683237867716,True,True
125,3106189389,28815.71000000,0.00001000,0.28815710,1683237867717,False,True
126,3106189390,28815.72000000,0.00509000,146.67201480,1683237867717,False,True
127,3106189391,28815.70000000,0.00076000,21.89993200,1683237867718,True,True
128,3106189392,28815.70000000,0.00566000,163.09686200,1683237867722,True,True
129,3106189393,28815.45000000,0.00036000,10.37356200,1683237867734,True,True
130,3106189394,28815.10000000,0.00065000,18.72981500,1683237867739,True,True
131,3106189395,28815.03000000,0.00036000,10.37341080,1683237867768,True,True
132,3106189396,28815.02000000,0.00499000,143.78694980,1683237867768,True,True
133,3106189397,28814.45000000,0.00045000,12.96650250,1683237867768,True,True
134,3106189398,28814.41000000,0.00035000,10.08504350,1683237867768,True,True
135,3106189399,28814.22000000,0.00065000,18.72924300,1683237867768,True,True
136,3106189400,28813.99000000,0.01540000,443.73544600,1683237867768,True,True
137,3106189401,28813.40000000,0.00661000,190.45657400,1683237867768,True,True
138,3106189402,28813.39000000,0.02119000,610.55573410,1683237867768,True,True
139,3106189403,28813.39000000,0.02835000,816.85960650,1683237867768,True,True
140,3106189404,28813.38000000,0.08000000,2305.07040000,1683237867768,True,True
141,3106189405,28813.35000000,0.22572000,6503.74936200,1683237867768,True,True
142,3106189406,28813.34000000,0.00065000,18.72867100,1683237867768,True,True
143,3106189407,28813.16000000,0.00190000,54.74500400,1683237867768,True,True
144,3106189408,28813.08000000,1.17080000,33734.35406400,1683237867768,True,True
145,3106189409,28812.46000000,0.00065000,18.72809900,1683237867768,True,True
146,3106189410,28812.39000000,0.21319000,6142.51342410,1683237867768,True,True
147,3106189411,28812.13000000,0.01200000,345.74556000,1683237867768,True,True
148,3106189412,28811.99000000,0.10270000,2958.99137300,1683237867768,True,True
149,3106189413,28811.99000000,0.06198000,1785.76714020,1683237867768,True,True
150,3106189414,28813.39000000,0.00510000,146.94828900,1683237867775,False,True
151,3106189415,28813.36000000,0.00422000,121.59237920,1683237867783,True,True
152,3106189416,28813.37000000,0.05430000,1564.56599100,1683237867917,False,True
153,3106189417,28813.37000000,0.01952000,562.43698240,1683237867918,False,True
154,3106189418,28813.37000000,0.00327000,94.21971990,1683237867919,False,True
155,3106189419,28813.36000000,0.00070000,20.16935200,1683237867946,True,True
156,3106189420,28813.37000000,0.01633000,470.52233210,1683237867990,False,True
157,3106189421,28813.37000000,0.00038000,10.94908060,1683237868313,False,True
158,3106189422,28813.36000000,0.01736000,500.19992960,1683237868419,True,True
159,3106189423,28813.36000000,0.00389000,112.08397040,1683237868842,True,True
160,3106189424,28813.36000000,0.00702000,202.26978720,1683237869027,True,True
161,3106189425,28813.36000000,0.00525000,151.27014000,1683237869133,True,True
162,3106189426,28813.37000000,0.00042000,12.10161540,1683237869344,False,True
163,3106189427,28813.36000000,0.00070000,20.16935200,1683237869570,True,True
164,3106189428,28813.36000000,0.00070000,20.16935200,1683237869572,True,True
165,3106189429,28813.36000000,0.00519000,149.54133840,1683237869577,True,True
166,3106189430,28813.36000000,0.00699000,201.40538640,1683237869577,True,True
167,3106189431,28813.35000000,0.05290000,1524.22621500,1683237869577,True,True
168,3106189432,28813.33000000,0.00704000,202.84584320,1683237869577,True,True
169,3106189433,28813.14000000,0.00966000,278.33493240,1683237869577,True,True
170,3106189434,28813.13000000,0.05414000,1559.94285820,1683237869577,True,True
171,3106189435,28813.13000000,0.00919000,264.79266470,1683237869578,True,True
172,3106189436,28813.13000000,0.00070000,20.16919100,1683237869593,True,True
173,3106189437,28813.06000000,0.00035000,10.08457100,1683237869622,True,True
174,3106189438,28812.98000000,0.00064000,18.44030720,1683237869622,True,True
175,3106189439,28812.63000000,0.00064000,18.44008320,1683237869629,True,True
176,3106189440,28812.59000000,0.00069000,19.88068710,1683237869635,True,True
177,3106189441,28812.28000000,0.00064000,18.43985920,1683237869641,True,True
178,3106189442,28812.04000000,0.00069000,19.88030760,1683237869645,True,True
179,3106189443,28811.93000000,0.00064000,18.43963520,1683237869645,True,True
180,3106189444,28811.92000000,0.00666000,191.88738720,1683237869645,True,True
181,3106189445,28811.90000000,0.00045000,12.96535500,1683237869645,True,True
182,3106189446,28811.71000000,0.00035000,10.08409850,1683237869645,True,True
183,3106189447,28811.61000000,0.08849000,2549.53936890,1683237869645,True,True
184,3106189448,28811.62000000,0.00121000,34.86206020,1683237869676,False,True
185,3106189449,28811.62000000,0.00601000,173.15783620,1683237869797,False,True
186,3106189450,28811.62000000,0.00052000,14.98204240,1683237870034,False,True
187,3106189451,28811.62000000,0.00052000,14.98204240,1683237870060,False,True
188,3106189452,28811.61000000,0.00525000,151.26095250,1683237870269,True,True
189,3106189453,28811.61000000,0.03160000,910.44687600,1683237870363,True,True
190,3106189454,28811.61000000,0.00070000,20.16812700,1683237870398,True,True
191,3106189455,28811.62000000,0.00042000,12.10088040,1683237870441,False,True
192,3106189456,28811.61000000,0.00208000,59.92814880,1683237870637,True,True
193,3106189457,28811.62000000,0.00100000,28.81162000,1683237870885,False,True
194,3106189458,28811.61000000,0.00636000,183.24183960,1683237871111,True,True
195,3106189459,28811.61000000,0.00657000,189.29227770,1683237871111,True,True
196,3106189460,28811.61000000,0.00201000,57.91133610,1683237871111,True,True
197,3106189461,28811.58000000,0.00065000,18.72752700,1683237871111,True,True
198,3106189462,28811.58000000,0.00064000,18.43941120,1683237871111,True,True
199,3106189463,28811.57000000,0.00629000,181.22477530,1683237871114,True,True
200,3106189464,28811.49000000,0.00069000,19.87992810,1683237871119,True,True
201,3106189465,28811.39000000,0.00693000,199.66293270,1683237871127,True,True
202,3106189466,28811.23000000,0.00064000,18.43918720,1683237871153,True,True
203,3106189467,28811.01000000,0.00035000,10.08385350,1683237871159,True,True
204,3106189468,28810.94000000,0.00069000,19.87954860,1683237871166,True,True
205,3106189469,28810.94000000,0.00905000,260.73900700,1683237871166,True,True
206,3106189470,28810.88000000,0.00064000,18.43896320,1683237871173,True,True
207,3106189471,28810.71000000,0.00036000,10.37185560,1683237871221,True,True
208,3106189472,28810.71000000,0.00036000,10.37185560,1683237871221,True,True
209,3106189473,28810.70000000,0.00033000,9.50753100,1683237871221,True,True
210,3106189474,28810.70000000,0.00032000,9.21942400,1683237871225,True,True
211,3106189475,28810.55000000,0.00243000,70.00963650,1683237871234,False,True
212,3106189476,28810.55000000,0.00694000,199.94521700,1683237871356,False,True
213,3106189477,28810.54000000,0.00036000,10.37179440,1683237871536,True,True
214,3106189478,28810.54000000,0.00036000,10.37179440,1683237871536,True,True
215,3106189479,28810.54000000,0.02918000,840.69155720,1683237871536,True,True
216,3106189480,28810.54000000,0.02500000,720.26350000,1683237871794,True,True
217,3106189481,28810.54000000,0.01250000,360.13175000,1683237871825,True,True
218,3106189482,28810.55000000,0.00069000,19.87927950,1683237871851,False,True
219,3106189483,28810.55000000,0.00068000,19.59117400,1683237871886,False,True
220,3106189484,28810.55000000,0.00070000,20.16738500,1683237871930,False,True
221,3106189485,28810.55000000,0.00070000,20.16738500,1683237871968,False,True
222,3106189486,28810.54000000,0.06563000,1890.83574020,1683237872101,True,True
223,3106189487,28810.55000000,0.00042000,12.10043100,1683237872120,False,True
224,3106189488,28810.54000000,0.00406000,116.97079240,1683237872180,True,True
225,3106189489,28810.54000000,0.01220000,351.48858800,1683237872203,True,True
226,3106189490,28810.54000000,0.00406000,116.97079240,1683237872229,True,True
227,3106189491,28810.55000000,0.02297000,661.77833350,1683237872244,False,True
228,3106189492,28810.54000000,0.01016000,292.71508640,1683237872253,True,True
229,3106189493,28810.54000000,0.02237000,644.49177980,1683237872285,True,True
230,3106189494,28810.54000000,0.00589000,169.69408060,1683237872808,True,True
231,3106189495,28810.55000000,0.00038000,10.94800900,1683237873014,False,True
232,3106189496,28810.54000000,0.00256000,73.75498240,1683237873044,True,True
233,3106189497,28810.54000000,0.00291000,83.83867140,1683237873721,True,True
234,3106189498,28810.54000000,0.00416000,119.85184640,1683237875706,True,True
235,3106189499,28810.55000000,0.00288000,82.97438400,1683237875795,False,True
236,3106189500,28810.54000000,0.00167000,48.11360180,1683237876641,True,True
237,3106189501,28810.54000000,0.01734000,499.57476360,1683237876944,True,True
238,3106189502,28810.54000000,0.01734000,499.57476360,1683237876993,True,True
239,3106189503,28810.54000000,0.01388000,399.89029520,1683237877125,True,True
240,3106189504,28810.54000000,0.01784000,513.98003360,1683237877160,True,True
241,3106189505,28810.54000000,0.01734000,499.57476360,1683237877184,True,True
242,3106189506,28810.54000000,0.01734000,499.57476360,1683237877210,True,True
243,3106189507,28810.54000000,0.28051000,8081.64457540,1683237877241,True,True
244,3106189508,28810.54000000,0.27656000,7967.84294240,1683237877267,True,True
245,3106189509,28810.54000000,0.00183000,52.72328820,1683237877293,True,True
246,3106189510,28810.55000000,0.00099000,28.52244450,1683237877333,False,True
247,3106189511,28810.55000000,0.00149000,42.92771950,1683237877514,False,True
248,3106189512,28810.55000000,0.00227000,65.39994850,1683237878435,False,True
249,3106189513,28810.54000000,0.00058000,16.71011320,1683237878472,True,True
250,3106189514,28810.54000000,0.00290000,83.55056600,1683237880202,True,True
251,3106189515,28810.54000000,0.00186000,53.58760440,1683237880493,True,True
252,3106189516,28810.55000000,0.00038000,10.94800900,1683237880689,False,True
253,3106189517,28810.55000000,0.00045000,12.96474750,1683237880835,False,True
254,3106189518,28810.54000000,0.00346000,99.68446840,1683237880921,True,True
255,3106189519,28810.54000000,0.06993000,2014.72106220,1683237880989,True,True
256,3106189520,28810.55000000,0.00034000,9.79558700,1683237881063,False,True
257,3106189521,28810.54000000,0.00174000,50.13033960,1683237881072,True,True
258,3106189522,28810.54000000,0.00174000,50.13033960,1683237881138,True,True
259,3106189523,28810.55000000,0.00347000,99.97260850,1683237881452,False,True
260,3106189524,28810.54000000,0.00881000,253.82085740,1683237881556,True,True
261,3106189525,28810.54000000,0.02003000,577.07511620,1683237882302,True,True
262,3106189526,28810.54000000,0.00200000,57.62108000,1683237882302,True,True
263,3106189527,28810.53000000,0.00064000,18.43873920,1683237882302,True,True
264,3106189528,28810.53000000,0.01593000,458.95174290,1683237882302,True,True
265,3106189529,28810.51000000,0.01760000,507.06497600,1683237882302,True,True
266,3106189530,28810.49000000,0.01736000,500.15010640,1683237882302,True,True
267,3106189531,28810.48000000,0.00128000,36.87741440,1683237882302,True,True
268,3106189532,28810.39000000,0.00069000,19.87916910,1683237882309,True,True
269,3106189533,28810.36000000,0.00035000,10.08362600,1683237882314,True,True
270,3106189534,28810.18000000,0.00064000,18.43851520,1683237882329,True,True
271,3106189535,28810.17000000,0.00631000,181.79217270,1683237882334,True,True
272,3106189536,28810.00000000,0.00176000,50.70560000,1683237882362,True,True
273,3106189537,28810.00000000,0.01402000,403.91620000,1683237882497,True,True
274,3106189538,28810.00000000,0.00157000,45.23170000,1683237882500,True,True
275,3106189539,28810.00000000,0.02136000,615.38160000,1683237882500,True,True
276,3106189540,28809.84000000,0.00069000,19.87878960,1683237882559,True,True
277,3106189541,28809.83000000,0.00064000,18.43829120,1683237882669,True,True
278,3106189542,28809.83000000,0.03086000,889.07135380,1683237882669,True,True
279,3106189543,28809.83000000,0.14202000,4091.57205660,1683237882669,True,True
280,3106189544,28809.82000000,0.00065000,18.72638300,1683237882795,True,True
281,3106189545,28809.73000000,0.03540000,1019.86444200,1683237882862,True,True
282,3106189546,28809.61000000,0.00642000,184.95769620,1683237882866,True,True
283,3106189547,28809.35000000,0.00045000,12.96420750,1683237882872,True,True
284,3106189548,28809.29000000,0.00069000,19.87841010,1683237882885,True,True
285,3106189549,28809.01000000,0.00035000,10.08315350,1683237882893,True,True
286,3106189550,28809.01000000,0.00035000,10.08315350,1683237882893,True,True
287,3106189551,28808.94000000,0.00065000,18.72581100,1683237882904,True,True
288,3106189552,28808.85000000,0.00065000,18.72575250,1683237882916,True,True
289,3106189553,28808.85000000,0.17402000,5013.31607700,1683237883209,True,True
290,3106189554,28808.85000000,0.00208000,59.92240800,1683237883238,True,True
291,3106189555,28808.78000000,0.00192000,55.31285760,1683237883538,True,True
292,3106189556,28808.74000000,0.00069000,19.87803060,1683237883538,True,True
293,3106189557,28808.55000000,0.00839000,241.70373450,1683237883538,True,True
294,3106189558,28808.43000000,0.00064000,18.43739520,1683237883552,True,True
295,3106189559,28808.37000000,0.00104000,29.96070480,1683237883558,True,True
296,3106189560,28808.23000000,0.00823000,237.09173290,1683237883567,True,True
297,3106189561,28808.23000000,0.00696000,200.50528080,1683237883567,True,True
298,3106189562,28808.19000000,0.00069000,19.87765110,1683237883586,True,True
299,3106189563,28808.08000000,0.00040000,11.52323200,1683237883605,True,True
300,3106189564,28808.09000000,0.00135000,38.89092150,1683237883608,False,True
301,3106189565,28808.09000000,0.00082000,23.62263380,1683237883736,False,True
302,3106189566,28808.09000000,0.00568000,163.62995120,1683237884060,False,True
303,3106189567,28808.08000000,0.00024000,6.91393920,1683237885111,True,True
304,3106189568,28808.06000000,0.00158000,45.51673480,1683237885111,True,True
305,3106189569,28808.06000000,0.01021000,294.13029260,1683237885115,True,True
306,3106189570,28808.06000000,0.00065000,18.72523900,1683237885115,True,True
307,3106189571,28807.90000000,0.01910000,550.23089000,1683237885120,True,True
308,3106189572,28807.73000000,0.00064000,18.43694720,1683237885128,True,True
309,3106189573,28807.66000000,0.00036000,10.37075760,1683237885532,True,True
310,3106189574,28807.64000000,0.00069000,19.87727160,1683237885532,True,True
311,3106189575,28807.38000000,0.00064000,18.43672320,1683237885532,True,True
312,3106189576,28807.18000000,0.00007000,2.01650260,1683237885532,True,True
313,3106189577,28807.18000000,0.00058000,16.70816440,1683237885537,True,True
314,3106189578,28807.03000000,0.00064000,18.43649920,1683237885543,True,True
315,3106189579,28806.88000000,0.00845000,243.41813600,1683237885586,True,True
316,3106189580,28806.88000000,0.00200000,57.61376000,1683237885615,True,True
317,3106189581,28806.88000000,0.01100000,316.87568000,1683237886052,True,True
318,3106189582,28806.88000000,0.00062000,17.86026560,1683237886125,True,True
319,3106189583,28806.88000000,0.10380000,2990.15414400,1683237886129,True,True
320,3106189584,28806.88000000,0.01929000,555.68471520,1683237886336,True,True
321,3106189585,28806.88000000,0.00496000,142.88212480,1683237886527,True,True
322,3106189586,28806.88000000,0.00174000,50.12397120,1683237887405,True,True
323,3106189587,28806.88000000,0.00052000,14.97957760,1683237887554,True,True
324,3106189588,28806.88000000,0.01040000,299.59155200,1683237888280,True,True
325,3106189589,28806.88000000,0.01929000,555.68471520,1683237888336,True,True
326,3106189590,28806.89000000,0.00099000,28.51882110,1683237888428,False,True
327,3106189591,28806.89000000,0.00038000,10.94661820,1683237888557,False,True
328,3106189592,28806.88000000,0.00148000,42.63418240,1683237888727,True,True
329,3106189593,28806.88000000,0.00287000,82.67574560,1683237888727,True,True
330,3106189594,28806.88000000,0.00314000,90.45360320,1683237888749,True,True
331,3106189595,28806.88000000,0.00659000,189.83733920,1683237889002,True,True
332,3106189596,28806.88000000,0.00035000,10.08240800,1683237889002,True,True
333,3106189597,28806.88000000,0.00634000,182.63561920,1683237889336,True,True
334,3106189598,28806.88000000,0.01295000,373.04909600,1683237889336,True,True
335,3106189599,28806.88000000,0.00496000,142.88212480,1683237889676,True,True
336,3106189600,28806.89000000,0.00488000,140.57762320,1683237889722,False,True
337,3106189601,28806.89000000,0.01367000,393.79018630,1683237889976,False,True
338,3106189602,28806.88000000,0.01039000,299.30348320,1683237890280,True,True
339,3106189603,28806.88000000,0.00892000,256.95736960,1683237890333,True,True
340,3106189604,28806.89000000,0.00086000,24.77392540,1683237890562,False,True
341,3106189605,28806.88000000,0.00343000,98.80759840,1683237890691,True,True
342,3106189606,28806.88000000,0.00387000,111.48262560,1683237890781,True,True
343,3106189607,28806.88000000,0.01039000,299.30348320,1683237891280,True,True
344,3106189608,28806.88000000,0.00174000,50.12397120,1683237891340,True,True
345,3106189609,28806.88000000,0.00223000,64.23934240,1683237891725,True,True
346,3106189610,28806.88000000,0.00253000,72.88140640,1683237892263,True,True
347,3106189611,28806.88000000,0.00893000,257.24543840,1683237892334,True,True
348,3106189612,28806.88000000,0.01824000,525.43749120,1683237893306,True,True
349,3106189613,28806.88000000,0.00893000,257.24543840,1683237893334,True,True
350,3106189614,28806.88000000,0.00164000,47.24328320,1683237894884,True,True
351,3106189615,28806.88000000,0.02081000,599.47117280,1683237894935,True,True
352,3106189616,28806.89000000,0.00147000,42.34612830,1683237894958,False,True
353,3106189617,28806.88000000,0.03282000,945.44180160,1683237894968,True,True
354,3106189618,28806.88000000,0.00118000,33.99211840,1683237895026,True,True
355,3106189619,28806.89000000,0.00102000,29.38302780,1683237895074,False,True
356,3106189620,28806.89000000,0.00158000,45.51488620,1683237895757,False,True
357,3106189621,28806.88000000,0.03281000,945.15373280,1683237896967,True,True
358,3106189622,28806.88000000,0.02041000,587.94842080,1683237897008,True,True
359,3106189623,28806.88000000,0.07884000,2271.13441920,1683237897010,True,True
360,3106189624,28806.88000000,0.07274000,2095.41245120,1683237897010,True,True
361,3106189625,28806.88000000,0.07538000,2171.46261440,1683237897011,True,True
362,3106189626,28806.88000000,0.16032000,4618.31900160,1683237897012,True,True
363,3106189627,28806.88000000,0.13248000,3816.33546240,1683237897013,True,True
364,3106189628,28806.88000000,0.01048000,301.89610240,1683237897014,True,True
365,3106189629,28806.88000000,0.01618000,466.09531840,1683237897014,True,True
366,3106189630,28806.88000000,0.07578000,2182.98536640,1683237897014,True,True
367,3106189631,28806.88000000,0.00582000,167.65604160,1683237897019,True,True
368,3106189632,28806.89000000,0.00341000,98.23149490,1683237897020,False,True
369,3106189633,28806.88000000,0.11443000,3296.37127840,1683237897022,True,True
370,3106189634,28806.89000000,0.00409000,117.82018010,1683237897026,False,True
371,3106189635,28806.89000000,0.00818000,235.64036020,1683237897026,False,True
372,3106189636,28806.89000000,0.00656000,188.97319840,1683237897027,False,True
373,3106189637,28806.89000000,0.00982000,282.88365980,1683237897028,False,True
374,3106189638,28806.89000000,0.02108000,607.24924120,1683237897029,False,True
375,3106189639,28806.88000000,0.03028000,872.27232640,1683237897030,True,True
376,3106189640,28806.88000000,0.00353000,101.68828640,1683237897030,True,True
377,3106189641,28806.89000000,0.11180000,3220.61030200,1683237897030,False,True
378,3106189642,28806.89000000,0.00148000,42.63419720,1683237897033,False,True
379,3106189643,28806.89000000,0.00063000,18.14834070,1683237897036,False,True
380,3106189644,28806.89000000,0.00528000,152.10037920,1683237897037,False,True
381,3106189645,28806.89000000,0.00653000,188.10899170,1683237897038,False,True
382,3106189646,28806.88000000,0.15069000,4340.90874720,1683237897041,True,True
383,3106189647,28806.88000000,0.00850000,244.85848000,1683237897041,True,True
384,3106189648,28806.88000000,0.01194000,343.95414720,1683237897041,True,True
385,3106189649,28806.88000000,0.01499000,431.81513120,1683237897041,True,True
386,3106189650,28806.88000000,0.00139000,40.04156320,1683237897041,True,True
387,3106189651,28806.86000000,0.07128000,2053.35298080,1683237897041,True,True
388,3106189652,28806.87000000,0.01418000,408.48141660,1683237897050,False,True
389,3106189653,28806.87000000,0.08608000,2479.69536960,1683237897051,False,True
390,3106189654,28806.86000000,0.02171000,625.39693060,1683237897093,True,True
391,3106189655,28806.87000000,0.00035000,10.08240450,1683237897348,False,True
392,3106189656,28806.86000000,0.08600000,2477.38996000,1683237897366,True,True
393,3106189657,28806.87000000,0.03083000,888.11580210,1683237897385,False,True
394,3106189658,28806.86000000,0.01324000,381.40282640,1683237897396,True,True
395,3106189659,28806.86000000,0.00073000,21.02900780,1683237897674,True,True
396,3106189660,28806.86000000,0.02692000,775.48067120,1683237897967,True,True
397,3106189661,28806.84000000,0.00589000,169.67228760,1683237897967,True,True
398,3106189662,28806.84000000,0.04000000,1152.27360000,1683237898024,True,True
399,3106189663,28806.84000000,0.04559000,1313.30383560,1683237898056,True,True
400,3106189664,28806.84000000,0.17353000,4998.85094520,1683237898077,True,True
401,3106189665,28806.84000000,0.00213000,61.35856920,1683237898422,True,True
402,3106189666,28806.85000000,0.00177000,50.98812450,1683237898427,False,True
403,3106189667,28806.84000000,0.17403000,5013.25436520,1683237898453,True,True
404,3106189668,28806.85000000,0.11185000,3222.04617250,1683237898628,False,True
405,3106189669,28806.84000000,0.00516000,148.64329440,1683237898738,True,True
406,3106189670,28806.85000000,0.00980000,282.30713000,1683237899326,False,True
407,3106189671,28806.84000000,0.00069000,19.87671960,1683237899740,True,True
408,3106189672,28806.84000000,0.00243000,70.00062120,1683237899978,True,True
409,3106189673,28806.85000000,0.00247000,71.15291950,1683237899978,False,True
410,3106189674,28806.85000000,0.00287000,82.67565950,1683237899979,False,True
411,3106189675,28806.85000000,0.00169000,48.68357650,1683237899982,False,True
412,3106189676,28806.84000000,0.00148000,42.63412320,1683237899995,True,True
413,3106189677,28806.84000000,0.00306000,88.14893040,1683237899996,True,True
414,3106189678,28806.85000000,0.00194000,55.88528900,1683237900000,False,True
415,3106189679,28806.84000000,0.00245000,70.57675800,1683237900000,True,True
416,3106189680,28806.85000000,0.00047000,13.53921950,1683237900000,False,True
417,3106189681,28806.84000000,0.00156000,44.93867040,1683237900004,True,True
418,3106189682,28806.85000000,0.00637000,183.49963450,1683237900004,False,True
419,3106189683,28806.85000000,0.00151000,43.49834350,1683237900006,False,True
420,3106189684,28806.84000000,0.00117000,33.70400280,1683237900006,True,True
421,3106189685,28806.84000000,0.00075000,21.60513000,1683237900006,True,True
422,3106189686,28806.84000000,0.00440000,126.75009600,1683237900009,True,True
423,3106189687,28806.84000000,0.00436000,125.59782240,1683237900041,True,True
424,3106189688,28806.85000000,0.00446000,128.47855100,1683237900279,False,True
425,3106189689,28806.84000000,0.00260000,74.89778400,1683237901227,True,True
426,3106189690,28806.84000000,0.01812000,521.97994080,1683237901434,True,True
427,3106189691,28806.85000000,0.00653000,188.10873050,1683237902097,False,True
428,3106189692,28806.85000000,0.01907000,549.34662950,1683237902097,False,True
429,3106189693,28806.85000000,0.00474000,136.54446900,1683237902125,False,True
430,3106189694,28806.84000000,0.16915000,4872.67698600,1683237902126,True,True
431,3106189695,28806.84000000,0.00203000,58.47788520,1683237902126,True,True
432,3106189696,28806.80000000,0.00045000,12.96306000,1683237902409,True,True
433,3106189697,28806.68000000,0.00064000,18.43627520,1683237903076,True,True
434,3106189698,28806.68000000,0.00080000,23.04534400,1683237903076,True,True
435,3106189699,28806.68000000,0.01041000,299.87753880,1683237903591,True,True
436,3106189700,28806.69000000,0.00178000,51.27590820,1683237903619,False,True
437,3106189701,28806.68000000,0.00400000,115.22672000,1683237903684,True,True
438,3106189702,28806.69000000,0.00179000,51.56397510,1683237903689,False,True
439,3106189703,28806.69000000,0.00120000,34.56802800,1683237903692,False,True
440,3106189704,28806.68000000,0.00512000,147.49020160,1683237903732,True,True
441,3106189705,28806.68000000,0.01424000,410.20712320,1683237903878,True,True
442,3106189706,28806.68000000,0.00099000,28.51861320,1683237903880,True,True
443,3106189707,28806.68000000,0.00139000,40.04128520,1683237903977,True,True
444,3106189708,28806.68000000,0.01756000,505.84530080,1683237904791,True,True
445,3106189709,28806.68000000,0.00623000,179.46561640,1683237904825,True,True
446,3106189710,28806.68000000,0.00325000,93.62171000,1683237904976,True,True
447,3106189711,28806.68000000,0.00480000,138.27206400,1683237905504,True,True
448,3106189712,28806.69000000,0.00100000,28.80669000,1683237905553,False,True
449,3106189713,28806.69000000,0.01094000,315.14518860,1683237905853,False,True
450,3106189714,28806.68000000,0.01423000,409.91905640,1683237905877,True,True
451,3106189715,28806.68000000,0.00069000,19.87660920,1683237906104,True,True
452,3106189716,28806.68000000,0.00630000,181.48208400,1683237906317,True,True
453,3106189717,28806.68000000,0.00156000,44.93842080,1683237906632,True,True
454,3106189718,28806.68000000,0.00843000,242.84031240,1683237906877,True,True
455,3106189719,28806.68000000,0.00580000,167.07874400,1683237906877,True,True
456,3106189720,28806.68000000,0.00261000,75.18543480,1683237906953,True,True
457,3106189721,28806.69000000,0.00549000,158.14872810,1683237907773,False,True
458,3106189722,28806.69000000,0.01093000,314.85712170,1683237907852,False,True
459,3106189723,28806.68000000,0.00061000,17.57207480,1683237908308,True,True
460,3106189724,28806.69000000,0.00423000,121.85229870,1683237908596,False,True
461,3106189725,28806.69000000,0.01093000,314.85712170,1683237908854,False,True
462,3106189726,28806.68000000,0.00050000,14.40334000,1683237909821,True,True
463,3106189727,28806.68000000,0.00080000,23.04534400,1683237909913,True,True
464,3106189728,28806.68000000,0.01100000,316.87348000,1683237910425,True,True
465,3106189729,28806.68000000,0.00945000,272.22312600,1683237910742,True,True
466,3106189730,28806.69000000,0.00266000,76.62579540,1683237910799,False,True
467,3106189731,28806.68000000,0.03056000,880.33214080,1683237911086,True,True
468,3106189732,28806.68000000,0.01230000,354.32216400,1683237911095,True,True
469,3106189733,28806.68000000,0.01481000,426.62693080,1683237911095,True,True
470,3106189734,28806.69000000,0.00623000,179.46567870,1683237911614,False,True
471,3106189735,28806.68000000,0.00140000,40.32935200,1683237911973,True,True
472,3106189736,28806.68000000,0.00277000,79.79450360,1683237912384,True,True
473,3106189737,28806.69000000,0.00719000,207.12010110,1683237912412,False,True
474,3106189738,28806.68000000,0.00269000,77.48996920,1683237912511,True,True
475,3106189739,28806.68000000,0.00945000,272.22312600,1683237912742,True,True
476,3106189740,28806.68000000,0.02458000,708.06819440,1683237913722,True,True
477,3106189741,28806.68000000,0.00945000,272.22312600,1683237913742,True,True
478,3106189742,28806.68000000,0.00099000,28.51861320,1683237914212,True,True
479,3106189743,28806.68000000,0.01158000,333.58135440,1683237914240,True,True
480,3106189744,28806.68000000,0.00284000,81.81097120,1683237914589,True,True
481,3106189745,28806.68000000,0.01210000,348.56082800,1683237915556,True,True
482,3106189746,28806.68000000,0.04967000,1430.82779560,1683237915733,True,True
483,3106189747,28806.68000000,0.00496000,142.88113280,1683237915820,True,True
484,3106189748,28806.69000000,0.00045000,12.96301050,1683237915976,False,True
485,3106189749,28806.68000000,0.00672000,193.58088960,1683237916177,True,True
486,3106189750,28806.68000000,0.00100000,28.80668000,1683237916439,True,True
487,3106189751,28806.68000000,0.00053000,15.26754040,1683237916497,True,True
488,3106189752,28806.68000000,0.07700000,2218.11436000,1683237917193,True,True
489,3106189753,28806.69000000,0.00043000,12.38687670,1683237917256,False,True
490,3106189754,28806.68000000,0.05795000,1669.34710600,1683237917366,True,True
491,3106189755,28806.68000000,0.04968000,1431.11586240,1683237917734,True,True
492,3106189756,28806.68000000,0.00121000,34.85608280,1683237917972,True,True
493,3106189757,28806.69000000,0.01835000,528.60276150,1683237918054,False,True
494,3106189758,28806.68000000,0.23400000,6740.76312000,1683237918072,True,True
495,3106189759,28806.68000000,0.00660000,190.12408800,1683237918734,True,True
496,3106189760,28806.68000000,0.04308000,1240.99177440,1683237918734,True,True
497,3106189761,28806.68000000,0.00303000,87.28424040,1683237918779,True,True
498,3106189762,28806.68000000,0.01953000,562.59446040,1683237919236,True,True
499,3106189763,28806.69000000,0.00651000,187.53155190,1683237919236,False,True
